1745 2197
833 95 953 159 - 2 -
327 221 1527 281 régime parlementaire ; il aura contribué à le justifier et à
325 289 1565 349 faire taire ses détracteurs. M. Clémenceau, lui-même, qui n'a
324 362 1527 421 pas eu à s'en louer, écrit ce matin : "De quelque façon qu'on
325 421 1622 492 envisage la conclusion de l'affaire, il est acquis que toutes les
320 490 1585 560 passions, tous les dissentiments se sont fondés dans la commune
324 558 1541 627 conscience d'un devoir supérieur envers la patrie, et que, du
322 627 1582 688 premier mot au dernier, le débat s'est poursuivi dans une haute
322 690 697 754 tenue de dignité."
596 750 1624 820 Je n'ai pas le droit de parler de ces deux semaines
324 827 1580 880 où le Parlement français, livré à lui-même, a discuté librement
325 895 1582 955 avec le Gouvernement de son choix, le passé, le présent, l'ave-
320 957 1525 1016 nir de la Guerre actuelle. J'aurais pourtant un bel éloge à
324 1019 1561 1093 faire de ces séances que trop d'émotions pouvaient troubler en
320 1085 1576 1153 pleine bataille de Verdun, et au moment même où commençait, sur
320 1151 1638 1222 la Somme, notre offensive générale. J'en suis sorti pénétré d'une
322 1217 1576 1285 conviction fortifiée non seulement dans le succès de la guerre,
316 1292 1635 1351 mais dans l'avenir de nos institutions républicaines. Je regrette
316 1360 1494 1420 bien que l'Empereur d'Allemagne n'aît pû, par miracle, être
320 1422 1616 1492 exactement renseigné sur ce qui s'y est passé. Il y aurait vu le
316 1486 1572 1550 plus impressionnant témoignage de la résolution d'un peuple dé-
318 1554 1532 1622 cidé à se sacrifier pour repousser le militarisme allemand et
314 1625 840 1684 pour en délivrer le monde.
607 1684 1534 1755 La Chambre, après une semaine de débats, s'est
311 1752 1534 1816 mise d'accord, par une très grande majorité, (444 voix contre
314 1821 1550 1880 97, et quelques abstentions, sur 566 membres) pour soutenir le
316 1889 1527 1957 Gouvernement dans la poursuite de la guerre. Mais non, c'est
