1741 2197
826 100 932 161 - 2 -
284 221 1489 294 pour la plupart, excellents. On y joue avec grand succès du
285 292 1620 357 Beethoven, du Bach, du Schumann, des allemands tellement différents,
284 371 1588 421 à nos yeux, de l'Allemagne moderne, qu'ils ne sont plus des enne-
285 428 1489 488 mis ; nous les avons naturalisés. Le public est simple, sans
285 501 1609 563 grande toilette : cela veut dire que les braves gens qui n’allaient
287 571 1590 624 pas au théâtre y vont maintenant pour accompagner les permission-
285 635 1511 688 naires et les convalescents. Et puis toute la province est à
287 704 780 752 Paris, comme auparavant.
586 757 1570 829 Les gens élégants, les gens riches circulent dans
287 836 1530 889 leurs autos. Les nouveaux riches se chargent de faire marcher
287 897 1524 955 le commerce. Les fleuristes, les confiseurs, les antiquaires,
289 961 1513 1025 les bijoutiers recommencent à faire des affaires. J'ai eu le
291 1038 1528 1091 regret d'être obligé d'entrer hier, comme jadis, chez Siraudin
287 1096 1548 1157 pour envoyer des bonbons à une dame un peu vinaigrée mais qu'il
289 1168 1588 1221 faut ménager, et là j'ai rencontré quantité de gens faisant comme
287 1232 1587 1288 moi, achetant des douceurs amères qui ne font plaisir à personne.
293 1292 1533 1362 Et j'ai dû supplier les demoiselles de magasin de me donner un
291 1360 1550 1424 tour de faveur, comme auparavant, pour arriver à être servi ; et
295 1431 1609 1492 j'ai demandé si je ne rêvais pas ! On m'a répondu que les affaires
307 1499 1572 1561 avaient repris tout à fait comme auparavant. Je me suis retiré
293 1563 1588 1623 en hâte pour faire expédier ma boîte à destination ; car on envoie
291 1631 1511 1689 tant de colis qu'il faut s'y prendre plusieurs jours d'avance
291 1704 1587 1755 pour qu'ils soient délivrés à temps. Et je suis rentré en retard
289 1763 1572 1823 pour le dîner où les enfants étaient nombreux, attendant l'arbre
289 1836 1511 1889 de Noël chargé de givre et de fils d'or et de surprises comme
291 1896 1588 1975 auparavant. Dans la soirée sont arrivés des télégrammes, l'un de
