1742 2197
835 108 970 164 - 15 -
263 230 1524 305 prisonniers. Les jeunes filles et les jeunes femmes ont adopté
267 300 1564 369 chacune un ou plusieurs filleuls parmi les soldats, particulière-
265 373 1505 430 ment ceux qui appartiennent au pays envahis et sont privés de
267 433 1566 494 communications avec leur famille. Ma cuisinière dépense ses éco-
263 503 1529 560 nomies en paquets qu’elle expédie à ce qui reste, hélas ! de nos
269 574 1566 626 anciens blessés de Créans. Je dirais même qu’en g énéral les pau-
267 642 1566 701 vres sont, à proportion, plus généreux que les riches, parmi les-
269 703 1566 757 quels il en est un qui donnent autant en France qu’en Angleterre
267 765 1489 833 ou en Amérique. Les pauvres ne gardent pas l’argent qui leur
267 838 1547 889 arrive comme par hasard : ils se réjouissent de le dépenser comme
269 906 1547 964 l’avare de l’accumuler. Les bourgeois mêmes dépensent, raisonna-
269 972 1549 1028 blement, bien entendu, mais dépensent. Ils se préoccupent moins
269 1034 1511 1094 de l’avenir. L’idée de ne pas payer son loyer est entrée dans
269 1102 1463 1164 bien des cerveaux et c’est de parti-pris, que des locataires,
267 1164 1567 1230 même aisés, même riches et, à plus forte raison, les autres, pro-
272 1233 1524 1288 fitent de la guerre pour vivre aux dépens de leur propriétaire.
274 1303 1509 1360 Il y aura de terribles comptes à régler, la guerre finie. Que
269 1356 1529 1426 de débiteurs volontairement insolvables au détriment des parti-
271 1426 1608 1493 culiers et finalement de l’Etat qui paiera pour tous ! que d’impôts !
272 1497 1527 1554 Mais là encore, on ne se fait pas de mauvais sang, "pas de che-
271 1561 1513 1625 veux" ; "on ne s’en fait pas !" C’est l’expression à la mode. Un
269 1623 1555 1689 économiste de la valeur de M. Gide nous a démontré qu’après tout,
269 1697 1509 1759 peu nous importait d’avoir à payer des impôts, puisque, si une
271 1759 1549 1818 partie de la France les paie, l’autre en touchera directement ou
271 1830 1547 1883 indirectement le produit ; cela fera compensation. A part ce que
272 1894 1529 1958 nous aurons acheté à l’étranger ou, tout ce qui sera dépensé en
271 1953 1470 2037 France n’aura fait que passer une poche dans l’autre et se
