1754 2197
833 157 1120 228 LETTRE N° 486.
186 227 430 314 SÉNAT
1158 258 1629 340 PARIS, 13 Février 1919.
606 426 1457 527 LE BILAN DU NATIONALISME VAINQUEUR ££
375 499 1642 595 QUE SERAIT-CE S'IL ETAIT VAINCU : - UNE VICTOIRE à la PYRRHUS !
435 569 1567 671 L'ART FRANCAIS. - . LA LANGUE FRANCAISE.-.AU CINEMA.
1049 741 1387 803 Mon cher Butler,
703 928 1609 1005 Je veux faire le compte des turpitudes et des
410 992 1611 1085 désastres que la France, hélas : devra, malgré sa victoire, à
411 1061 1598 1147 la sottise nationaliste. Ce compte est infini, mais chacun
413 1136 1539 1215 de nous doit d'autant plus contribuer à l'établir. Avoir
413 1202 1622 1276 fait échouer, par ses intrigues et ses journaux, nos efforts
417 1259 1624 1345 pour fonder la paix, puis, la guerre finie, (si on peut dire
421 1332 1645 1411 qu'elle est finie), se borner à des chants de gloire et à des
419 1387 1662 1479 manifestations d'impuissance, ce serait vraiment trop facile.-
426 1462 1609 1545 Il va falloir compter ; voir en face la vérité, maintenant.-
422 1541 745 1616 Quelle vérité ?
426 1662 1592 1737 mençons à l'entrevoir vaguement. Tripler les impôts d'une
723 1594 1651 1660 La vérité des charges financières ? Nous com-
430 1731 1537 1805 population réduite et épuisée, privée du produit de ses
432 1788 1576 1876 départements les plus riches, obligée de se rattraper sur
217 1962 1160 2046 à Monsieur le Président Nicholas Murray BUTLER.
