1753 2197
901 129 1003 186 - 9 -
294 259 1597 329 courage de proclamer plus que jamais que la sanction de l’opinion
298 336 1577 389 comporte tout d’abord l’éducation d’une opinion, affranchie de la
294 400 1600 461 presse sensationnelle et que cette sanction ne peut pas, plus que
296 472 1617 536 les autres, s’improviser.-. Et, s’il en est ainsi, préparons avec
294 540 1518 595 d’autant plus de soin l’application des sanctions économiques
298 606 1536 673 puisqu’elles dépendront du concours de l’opinion; elles feront
293 668 1003 739 partie de l’éducation de l’opinion.
294 935 1578 1003 vous, jusqu’ici, dans ces détails plus ou moins confidentiels et
611 871 1637 930 Quoiqu’il en soit, je m’étais abstenu d’entrer avec
298 1017 1575 1067 forcément encore nuageux, parce que le Gouvernement n’avait rien
296 1076 1518 1133 dit, mais le discours de Clémentel me permet de vous tenir au
296 1144 1613 1206 courant et je termine en insistant bien nettement, au risque de me
298 1206 1597 1266 répéter une fois de plus, sur les quatre degrés de sanctions dont
294 1279 1555 1336 la société des Nations disposera pour prévenir la guerre et non
293 1342 1566 1404 pas seulement pour punir ceux qui l’auront fomentée ou déclarée.
296 1409 1633 1468 Ces quatre sortes de sanctions, positives, précises, et indépendam-
291 1475 1648 1539 ment de la sanction supérieure mais pratiquement encore inexistante
293 1545 1353 1607 de l’opinion ou de la conscience universelle, seront :
489 1605 959 1677 1°,-   diplomatiques -.
489 1678 928 1742 2°,- juridiques.-.
485 1750 1648 1807 3°,- économiques :   blocus, refus des matières premières
1033 1671 1666 1739 Celles-là, vous les connaisse
289 1807 1546 1874 nécessaires à l’Etat délinquant et réservées aux Etats fidèles.
485 1880 1492 1948 4°,- militaires.-. Ces dernières assurées et
