1742 2197
773 115 1174 194 LES REPRÉSAILLES €?€
597 119 692 186 3°, -
633 256 1540 311 C’est une question terriblement complexe mais
320 316 1600 382 sur laquelle il est impossible que le Gouvernement n’exprime pas
320 399 765 455 nettement son opinion.
635 452 1562 510 On me cite les déclarations publiques de M. le
318 518 1577 587 Professeur Louis Renault, Jurisconsulte du Ministère des Affai-
318 585 1558 653 res Etrangères, dont la haute autorité est universellement re-
320 657 1580 712 connue. J’ai le plus grand respect pour l’opinion de M. Louis
322 719 1558 776 Renault ; mais il est clair que ni lui ni aucun autre juriscon-
322 785 1580 842 sulte international n’a pu prévoir, avant la guerre, les crimes
322 856 1560 909 sans nom dont le Gouvernement allemand se rendait coupable en
322 917 1522 977 déclarant cette guerre et en la poursuivant au mépris de ses
320 984 1522 1050 engagements les plus solennels, au mépris des traités signés
318 1045 1569 1109 par lui, au mépris du droit des gens et du Droit de l’Humanité.
633 1109 1540 1182 Cela dit, je suis le premier à proclamer, moi
320 1180 1562 1250 aussi, bien entendu, que l’armée Française, - dans l’hypothèse
318 1250 1582 1312 où s’est placé M. Louis Renault, c’est-à-dire l’armée Française
320 1314 1621 1378 avançant, à son tour, sur le territoire allemand, - n’y commettra
318 1389 1578 1442 pas les crimes qui ont déshonoré l’armée allemande. Aucun chef
320 1457 1558 1512 Français ne les ordonnera ; aucun soldat Français ne les exécu-
320 1515 474 1576 terait.
591 1578 1575 1645 Cela est l’évidence ; je n’ai pas besoin de le dé-
320 1649 1359 1711 clarer ; €Nous€ €le€ €savons€ €tous€; tout le monde le sait.
633 1704 1553 1768 Mais, il y a une autre hypothèse en face de la-
320 1781 1555 1834 quelle nous sommes bien obligés de nous placer, car cette hypo-
318 1849 1542 1902 thèse, l’Allemagne en a fait une effroyable réalité : c’est le
326 1904 1520 1973 système de terrorisation allemande, employé froidement et de
