1760 2197
825 137 948 197 - 8 -
313 227 1576 302 de tous et tous à l’effort de chacun. Ce système ne pourra pas
313 307 1646 371 entrer en vigueur du jour au lendemain, comme les autres sanctions,
313 377 1635 443 par l’effet d’un décret revêtu de signatures officielles. C’est là
313 444 1635 505 qu’il faut se mettre en face de la réalité des faits. Il ne fonc-
315 507 1613 574 tionnera qu’après de multiples essais de chacun et de tous, après
311 582 1593 635 des tâtonnements et moyennant des résistances ou de difficultés
315 640 1595 714 inévitables, après un entraînement laborieux de recherches et ce
311 706 1595 785 conciliation dévouée ; cet entraînement, -je n’y connais, - est
315 783 1514 844 facile à prévoir sur le papier, mais ne s’accomplira qu’à la
313 845 1573 917 suite de minutieuses préparations techniques lesquelles agiront
313 909 1534 977 elles-mêmes sur la transformation nécessaire des mœurs et de
309 981 1626 1050 l’"esprit internationale". N’espérons pas que cette transformation
305 1047 761 1113 s’opérera toute seule!
622 1113 1569 1182 Ne nous faisons pas d’illusion et reconnaissons
305 1179 1606 1250 notre erreur ; la "sanction de l’opinion", - sur laquelle je comp-
309 1250 1604 1314 tais, avec nos amis et particulièrement avec Elihu Root, avant la
307 1318 1626 1395 guerre, n’a pas joué. L’opinion n’a pas été et n’a pas pu être la
304 1387 1584 1459 personne morale que nous attend  ions et qu’elle doit être ; elle
300 1448 1501 1521 a été paralysée ; elle n’a pas eu de voix ou, ce qui est plus
304 1512 1661 1598 grave, sa voix a été faussée ; elle risque d’être faussé de nouveau
300 1578 1542 1656 dans les mauvais jours, par les manœuvres tendancieuses de la
300 1647 1558 1724 presse sensationnelle. C’est la presse qui pousse aux conflits
298 1724 1514 1792 et aux violations du droit au lieu de les prévenir. Dominée,
296 1777 1609 1861 égarée par la presse de chantage, l’opinion n’a d’autre ressource,
296 1856 1597 1937 sous ce régime de mensonge, que de subir l’irréparable. Ayons le
