1744 2197
914 128 1022 177 - 2 -
732 283 1617 351 "J’ai vu la noble cité de Reims en ruines et
441 353 1613 419 j’ai pensé : c’est ici que le coup a frappé, parce que les
436 421 1608 485 dirigeants du monde n’ont pas prévu le moyen de l’éviter".
437 492 1597 547 "Les dirigeants du monde ont pensé aux relations entre les
439 552 1513 622 "Gouvernements ; ils ont oublié les relations entre les
441 626 1593 677 "peuples ! Ils ont manœuvré des combinaisons d€i€plomatiques
441 688 1646 750 "quand ils auraient dû ne penser qu’à la destination des hommes,
439 752 1569 818 "des/femmes, des enfants, dont ils devaient sauvegarder la
437 814 1046 882 "sécurité et le bien-être….. "
723 886 1547 941 Mon cher Butler, c’est pour avoir essayé,
426 957 1571 1012 depuis vingt and et davantage, de rappeler les dirigeants
428 1014 1608 1076 à leur devoir que j’ai été mis en suspicion et paralysé. Si
428 1089 1551 1144 ces dirigeants ne changent pas et de corps et d’âme, les
426 1147 1608 1219 mêmes négligences, les mêmes fautes, les mêmes catastrophes
426 1215 1053 1276 sont à prévoir, sont certaines.
725 1270 1546 1345 Il fallait voir la figure maussade de nos
426 1354 1584 1420 Ministres et l’aspect rogue et revêche de M. Poincaré pen-
425 1420 1586 1475 dant qu’ils écoutaient, dans l’hémicycle, cet appel à plus
423 1486 1591 1547 de prévoyance pour l’avenir, à plus de foi dans la Société
421 1552 1496 1612 des Nations, acclamée avec enthousiasme par la gauche,
423 1618 1487 1667 mais du bout des lèvres et pour la forme par le reste
419 1680 736 1739 de l’Assemblée.
718 1746 1584 1805 "Quel dommage, me disait dans l’intimité un
421 1814 1582 1867 de mes anciens amis, membre de la Conférence officielle, où
425 1883 1608 1942 il représente une puissance belligérante dite de second ordre,
