1752 2197
881 98 962 166 - 4 -
348 203 1631 276 se reprendre et immobiliser, en tous cas, les forces allemandes ;
344 276 1636 347 voir les japonais et la Chine et l’Australie chasser l’Allemagne
344 340 1614 406 du Pacifique et de l’Extrême-Orient ; voir les colonies, les in-
344 410 1632 474 nombrables marches et le crédit de l’Allemagne perdus, dans tou-
346 472 1651 549 tes les parties du monde, à mesure qu’augmente sa dette intérieu-
344 541 1651 609 re ; voir la Grèce venizéliste passer dans notre camp ; voir la fa-
340 618 1645 682 meuse campagne des sous-marins allemands tourner à l’impuissance ;
342 688 1631 741 voir les vaisseaux américains débarquer tranquillement, comme je
340 754 1620 814 viens de le voir, leurs jeunes troupes à Saint Nazaire ; - voir,
342 818 1587 887 enfin, tous les pays de la terre, en état de légitime défense,
342 887 1552 952 s’unir contre l’Empire Allemand et se multiplier comme si la
340 946 1631 1008 guerre commençait seulement…..Certes, c’est là, comme vous le
339 1012 1629 1080 disiez nettement, le 31 mars, dans la conclusion de votre exposé
339 1078 1609 1151 de la situation de notre Conciliation, pour le "YEAR BOOK" de
340 1155 1587 1217 la DOTATION CARNEGIE de 1917, - c’est là le commencement de la
342 1213 1629 1287 fin…… Mais ce n’est pas tout. Je relève un autre symptôme de
339 1288 1632 1352 ce commencement de la fin, ce sont les blasphèmes de Guillaume II.
337 1354 1623 1415 Réduit, de crime en crime à l’imbécillité, il se réfugie mainte-
335 1424 1605 1484 nant dans l’invocation ; il proclame son espoir en ce Dieu qu’il
337 1490 1605 1554 a profané….. Bientôt, il n’espèrera plus rien que des mira-
337 1548 1621 1616 cles….. En attendant, il l’invoque pour l’aider à tromper jus-
335 1614 1565 1688 qu’au bout son peuple. Ce Dieu, qu’il avait osé prendre comme
333 1680 1640 1755 arme offensive, n’est plus, pour lui, qu’un bouclier derrière le-
333 1759 1623 1814 quel il cherche à s’abriter ! Il ne commande plus, il implore ; il
331 1825 1634 1887 marmotte, comme une vieille bigote, mais publiquement, devant son
331 1891 1636 1958 armée, sacrifiée par lui, et son peuple en deuil, des prières at-
333 1960 1640 2028 tendries : il est humble ; il ne compte plus que sur le secours de
