1768 2197
199 190 443 274 SÉNAT
791 131 1102 219 LETTRE n°355.
1154 236 1626 309 PARIS, 13 Février 1918.
458 369 1526 443 L'ARME ÉCONOMIQUE et les QUATRE SANCTIONS de la PAIX.
298 574 1643 646 NOTRE COMMISSION OFFICIELLE POUR L'ÉTUDE D'UNE SOCIÉTÉ des NATIONS.
478 635 1407 708 ÉMULATION GÉNÉRALE des ACTIVITÉS DANS CE SENS.
417 706 1507 785 LES PROGRES ACCOMPLIS -.- LES DANGERS à PRÉVOIR.
298 770 1535 842 QUE LA DÉMOCRATIE AMÉRICAINE PRENNE GARDE à la CONTAGION DES
298 851 1617 926 PIRES ABUS DE LA PRESSE SENSATIONNELLE ET DU MILITARISME EUROPÉEN.
925 979 1265 1038 Mon cher Butler,
395 1206 1623 1276 opportunément au Sénat mon collègue PERCHOT, et auquel l'état
632 1142 1608 1208 A l'occasion d'un débat récent qu'a soulevé fort
397 1279 1566 1347 encore précaire de ma santé ne m'a pas permis, à mon grand
397 1340 1643 1409 regret, de prendre part, le Ministre du Commerce, M.Clémentel
393 1417 1621 1475 a fait des déclarations intéressantes dont je vous envoie ci-
393 1479 1619 1548 joint le texte, d'après l'Officiel du 8 de ce mois. Il a ex-
393 1537 1658 1607 posé l'état des travaux poursuivis, sur son initiative méritoi-
392 1618 1641 1682 re, par les divers départements ministériels français, d'accord
377 1686 1621 1744 avec nos Alliés, particulièrement avec les Anglais et les Ita-
392 1744 1454 1816 liens, concernant ce qu'on appelle, depuis la guerre:
388 1808 1637 1893 l' "ARME ÉCONOMIQUE". C'est une question que j'étudie moi-même
393 1889 1579 1964 depuis plusieurs mois, et dont je devais faire l'objet d'un
146 2012 956 2083 à Monsieur le Président N.Murray BUTLER.
