1754 2197
897 129 1023 199 - 7 -
402 258 1510 325 Anglais et leurs colonies se sont rencontrés, dans leur
404 324 1627 399 ingorance native, et se sont aussitôt/remis à ignorer le reste
406 391 1607 457 du monde. Par paresse, par timidité, par orgueil, les trois
406 461 1607 527 quarts des membres de la Conférence ne veulent connaître que
406 523 1611 596 l'anglais ; Lloyd George et Balfour ne veulent parler qu'an-
404 587 1609 660 glais ; de même le Président Wilson et M. House ; de même les
408 655 1664 721 Japonais, en attendant qu'ils réclament l'usage de leur langue.
408 732 1596 794 Et même les Serbes ! Et cela seul expliquerait déjà tout ce
410 789 1528 860 qui sépare à Paris les nations les unes des autres, plus
410 865 939 917 radicalement qu'à La Haye.
703 922 1570 983 Le français a cessé d'y remplir son office,
410 984 1569 1052 d'y rendre son grand service de clarté et de conciliation.
704 1049 1576 1113 Ainsi la France victorieuse aura perdu, par
411 1116 1614 1190 cette guerre, une part de sa population, de sa force, de ses
411 1182 1642 1248 ressources, de ses trésors, de son génie ; elle va voir venir,
413 1254 1558 1318 il est vrai, à elle une multitude de visiteurs et de tou-
411 1314 1576 1380 ristes ; mais ces touristes s'arrêteront le moins possible
413 1387 1616 1451 chez elle, où la vie sera trop gênée pour eux, trop étriquée ;
415 1446 1580 1517 ils ne voudront pas se mettre à jouer le voyage de M. Per-
413 1515 1598 1576 richon ; ils iront en auto chercher des hôtels confortables
413 1581 1602 1644 en Suisse, en Allemagne, en Italie, parler anglais dans ces
413 1644 1614 1709 hôtels, ignorer la France, fuir la France qu'il leur suffira
415 1715 1530 1783 de traverser, mécontents des exigences de ses habitants,
415 1786 1581 1841 enclins à la traiter en champ de bataille, en ruine, ou en
415 1849 1261 1920 casino qu'on visite et qu'on n'habite pas.
