1748 2197
833 120 967 179 - 12 -
269 203 1491 274 quantité de petits détachements d’hommes arrivant sans bruit,
269 274 1555 336 comme des voyageurs, de tous les dépôts, de tous les villages de
273 344 1555 413 France, où ceux qui restent, en attendant le retour, font office
269 417 1498 476 de soldats laboureurs ; beaucoup aussi sont employés dans des
271 485 1537 543 ateliers. Mon menuisier est mobilisé ; un chasseur ou deux, -
273 551 1555 602 également menuisiers avant la guerre, - donnent quelques-unes de
273 616 1577 673 leurs journées à son vieux père et à la maison et finalement
273 675 1555 734 le commerce marche ; et de même pour la plupart des autres corps
274 752 491 809 de métier.
551 805 1557 869 Ainsi la fermière continue de gagner sa vie ; elle
274 875 1592 939 vend sa récolte, ses animaux, ses canards, ses épaules, son beurre,
274 952 1480 1001 son vin, son cidre et tout cela un peu plus cher qu’en temps
273 1008 1500 1069 normal, parce qu’elle a beaucoup plus de peine tout de même à
276 1082 1540 1135 trouver sa main-d’œuvre et parce que, en général, elle la paie
274 1138 1540 1206 aussi plus cher. De même la femme du menuisier, du boucher, de
274 1206 1577 1270 l’épicier, du maréchal-ferrant, du charron, etc… etc… Seul le
274 1276 1561 1334 XXXXXX prix du pain n’a pas monté pour le public, l’Etat prenant
278 1345 1561 1396 sur lui la différence entre le prix d’achat du blé et le prix de
278 1417 1561 1464 vente du pain. En ville, il y a des magasins fermés, mais d’au-
280 1473 1535 1528 tres se sont rouverts, à commencer par les pâtissiers qui, eux,
276 1548 1562 1600 n’ont jamais fermé ; les militaires de passage ont de l’argent à
276 1607 1539 1667 dépenser ; de même les blessés, les convalescents, les éclopés.
278 1678 1522 1733 Les femmes cumulent leurs salaires, comme j’ai dit, avec leurs
276 1735 1583 1801 allocations : les enfants, - hélas ! – sacrifient leur instruction
280 1808 1581 1876 pour gagner prématurément leur vie. C’est tout un monde qui par-
284 1880 1502 1935 ticipe à des distributions de salaires venus d’en haut. Nous
