1741 2197
810 108 1101 175 Lettre n° 120.
186 223 417 311 SÉNAT
652 300 1260 384 PLUS FORT QUE LA HAINE .
1066 441 1579 507 LE MANS, 29 Janvier 1916.
755 606 1083 668 Mon cher Butler,
612 792 1621 865 J’avais écrit cette lettre au Mans mais je l’y ai
335 862 1649 930 laissé par mégarde. Je vous ai envoyé de Paris, pour y suppléer,
333 933 1599 1005 une lettre sommaire sous le n°116, avec les photographies par-
337 1005 1654 1061 lantes de mon fils en 1916 et en 1906.- Je retrouve aujourd’hui
335 1061 1557 1140 cette lettre et je vous l’envoie tout de même, puisqu’elle/est
333 1135 494 1188 écrite.
606 1323 1497 1393 A la longue, j’en arrive à me demander si la
335 1391 1592 1468 France, incapable de haine, ne pardonnera pas à l’Allema ne les
333 1466 1574 1534 crimes du militarisme allemand. Cela dépendra de l’Allemagne :
333 1521 1651 1601 si elle répudie son orgueil et le système de domination qui l’aura
329 1601 1563 1664 perdu ; si elle souffre de ses fautes et si elle regrette,
328 1666 1649 1733 au lieu de ne penser qu’à se venger de son échec. Alors seulement
328 1722 1647 1803 apparaîtront de part et d’autre les vraies responsabilités ; et les
328 1796 1548 1865 deux peuples ne s’en prenant plus l’un à l’autre se mettront
328 1861 1647 1929 mutuellement en garde contre les égarements de leurs dirigeants et
328 1927 1552 2004 contre les excitations néfastes de leurs journaux. Il y aura
