1758 2197
791 119 935 177 - 10 -
316 258 1660 320 organisées à l’avance de telle sort qu’elles puissent s’appliquer,
316 318 1626 399 au besoin, comme les précédents, sans délai, si les trois autres
314 389 728 457 ont été inefficaces.
311 792 1616 856 répondent au noble effort de négociation publique de M. le Prési-
631 723 1664 790 Ce sont là de très grands progrès en germe, - et qui
305 860 1602 930 dent Wilson. Dans mon désir de seconder, comme je le dois, c et
309 924 1609 1003 effort dont le monde entier, à commencer par mon pays, profitera,
307 994 1653 1067 je pense que vous pourriez peut-être communiquer confidentiellement
307 1056 1536 1138 cette lettre à son ami, le Colonel House, dont je n’oublierai
307 1120 1655 1201 jamais le cordial accueil à Austin, en 1911 et que j’ai été heureux
307 1199 1574 1276 de revoir à Paris, depuis la guerre. En voici à tout hasard un
300 1259 1342 1338 double exemplaire, car il lit très bien le français.
298 1391 1626 1481 utile et convenable, qu’il eût connaissance personnelle des appels
620 1336 1670 1413 J’aurais aimé aussi, dans le cas où vous le jugeriez
298 1461 1465 1534 que je me suis permis de vous adresser en vue d’arrêter la
298 1534 1622 1609 démocratie des Etats-Unis sur une pente où il est difficile que la
294 1600 1565 1678 guerre ne l’entraîne pas. J’ai résumé mon inquiétude par cette
296 1662 1221 1741 formule qui exprime la complexité du problème:
485 1731 1314 1812 Mobilisez-vous, ne vous militarisez pas.
289 1905 1653 1990 existant dans tous les pays, et se voyant discrédités pour longtemps
613 1836 1638 1918 Si vous n’y prenez garde, les éléments militaristes
