1745 2197
807 124 933 186 - 3 -
309 241 1572 316 mieux que cela, la poursuite de la guerre n'était pas en cause :
318 324 1554 388 la seule question était de soutenir et, au besoin, de stimuler
316 384 1613 444 l'énergie du Gouvernement. La minorité qui a refusé sa confiance
316 448 1613 512 au Gouvernement était loin de lui reprocher la prolongation de la
313 518 1611 585 guerre ; elle trouvait, au contraire, son énergie insuffisante. -
314 584 1591 644 De même, au Sénat, nous avons été unanimes à donner au Gouverne-
313 659 1556 714 ment notre confiance pour agir : six voix seulement, dont celle
314 714 1572 789 de M. Clémenceau, qui ne représente certes pas l'esprit pacifi-
314 781 959 849 que, ont refu é cette confiance.
606 844 1556 919 Donc, la moralité de ces deux longues délibéra-
314 919 1627 983 tions secrètes est que la France veut, après deux années écoulées
314 994 1270 1045 plus que jamais pousser la guerre jusqu'au bout.
607 1047 1532 1114 Cette guerre, en réalité, n'est pas la guerre.
313 1122 1552 1177 c'est la révolte contre la guerre. Plus la France a été paci-
314 1180 1510 1250 fique, plus elle doit repousser définitivement la guerre qui
313 1250 1525 1310 nous a été faite, malgré nous, malgré tout, malgré la raison,
311 1310 1532 1376 malgré le droit, malgré l'Humanité. Il faut que cette guerre
311 1385 1589 1444 finisse véritablement, qu'elle soit condamnée, exécutée ; qu'elle
311 1446 1567 1510 ne puisse pas recommencer. Guerre sans merci à l'agresseur qui
313 1512 1550 1574 a rompu la paix et déchaîné sur le monde la Barbarie ! Voilà en
311 1578 1466 1638 deux mots l'état d'âme du Parlement, de la France entière.
602 1653 1587 1709 Je ne trahis aucun secret si je dis que le Prési-
309 1708 1567 1768 dent du Conseil, avec une force admirable, a fait valoir préci-
311 1783 1547 1841 sément la volonté pacifique de la France pour justifier sa vo-
289 1849 1565 1918 lonté de repousser victorieusement et définitivement la guerre.
