1758 2197
840 98 963 162 - 5 -
291 219 1580 300 les Gouvernements européens en garde contre ce retour d’un mili-
291 302 1578 371 tarisme déguisé sous un masque civil. La politique des matières
291 373 1541 441 premières consiste pour les Alliés à dresser le bilan de leurs
289 432 1620 505 ressources et de leurs besoins ; cela fait, les matières premières
289 503 1584 574 nécessaires à chacun d’eux seront réservés par tous à la commu-
291 574 1243 648 nauté, à l’exclusion naturellement des ennemis.
593 642 1624 714 L’Allemagne se trouve donc ainsi privée, pendant la
293 710 1604 783 guerre et jusqu’à la fin de la guerre, de ces matières premières
296 785 1584 836 indispensables à son alimentation et à son industrie, par consé-
296 845 1565 913 quent à sa vie ; et on estime que cette privation doit l’amener
296 913 1620 979 à demander la paix, comme elle le fait ; mais non pas un mensonge,
296 979 1521 1039 une contrefaçon allemande de la paix, mais une vraie paix, la
300 1050 1285 1113 paix du droit, la paix durable, la paix du Monde.
598 1120 1609 1171 L’arme économique n’est donc qu’un moyen d’obliger
298 1186 1637 1250 le militarisme allemand à reconnaître l’impuissance de ses crimes,
296 1248 1565 1316 et finalement à disparaître, avec tous les autres militarismes ;
298 1318 1585 1382 elle est une protection plutôt qu’une arme ; elle est un bienfait
296 1382 1362 1451 po r la civilisation et une menace pour la barbarie.
432 1495 516 1563 B.-
752 1482 1624 1554 Reste la troisième étape.-. L’isolement de
296 1558 1622 1620 l’Allemagne est assuré plus ou moins étroitement par le blocus. La
298 1625 1604 1684 privation des matières premières dont elle ne peut se passer gêne
296 1693 1604 1753 grandement son action militaire et provoque, dans l’opinion alle-
293 1759 1596 1823 mande, des mécontentements, des discussions dont la lumière peut,
283 1819 1582 1883 à la longue, éclairer jusqu’à l’obscurité volontaire ou involon-
296 1896 1565 1964 taires des esprits caporalisés.-. Supposons que cette gêne soit
