1753 2197
862 119 1003 186 - 11 -
315 250 1654 322 en Europe, vont essayer, ils essayent déjà d’émigrer aux Etats-Unis
315 322 1560 384 et d’y faire l’illusion pour se refaire une virginité et revenir
315 389 1577 455 ensuite, avec une force nouvelle, prendre leur revanche dans le
315 454 1657 521 vieux Monde. Ainsi le seul bénéfice de cette guerre si malheureuse
316 519 1578 582 et si complètement inutile, serait perdu. Vous seriez, à votre
316 591 1562 651 tour, les victimes du mal dont vous auriez voulu généreusement
316 657 1600 725 sauver l’Europe. Ce serait par trop dérisoire et c’est pourtant
318 734 595 794 là le danger.
637 789 1644 860 Tous les éléments de réaction dans le monde entier
320 864 1525 924 ont souhaité la guerre pour se débarrasser des progrès de la
318 928 1564 988 démocratie ; ayant échoué, ils vont essayer de militariser les
322 995 1622 1058 démocraties, et ce sera facile. C’est commencé. Nos officiers de
326 1072 1547 1129 carrière, dans ma propre famille ne parlent que d’émigrer aux
324 1133 1606 1199 Etats-Unis, après la guerre, parce qu’en Europe il n’y aura plus
320 1204 1604 1265 rien à faire. Quand vos jeunes officiers arrivent en France, on
327 1263 1531 1332 leur inocule le mépris de tout ce qui n’est pas "officier de
322 1342 1624 1400 carrière" ; je vous l’ai écrit à propos de votre école d’aviation
320 1404 1621 1464 d’Issoudun; on ne leur dit pas que nos généraux n’ont commencé à
322 1468 1584 1525 résister victorieusement à l’agression allemande qu’à partir du
324 1536 1641 1598 jour où, dès le mois de Septembre 1914, ils ont pu disposer large-
324 1607 1566 1658 ment des troupes et des officiers de réserves ; que nos troupes
324 1669 1577 1731 territoriales, nos hommes de quarante ans et quarante-cinq ans,
324 1739 1595 1799 ingénieurs, professeurs, savants, cultivateurs, ouvriers, etc…
326 1810 1643 1863 etc… ont pris la place de la soi-disant armée de choc du service
320 1878 1604 1944 de trois ans, presque anéantie. On ne leur dit pas que c’est la
