1742 2197
848 100 963 161 - 9 -
294 184 1551 250 des trains de marchandises et de munitions et de matériel d’ar-
296 263 1516 316 tillerie : cela paraît normal ; la nation armée s’est fait sa
294 329 1615 393 vie. Et cela partout, sur les voies ferrées, sur les routes, dans
296 389 1577 455 les villes et dans les campagnes. De part et d’autres on se fait
294 454 1575 525 place. Le militaire a compris l’utilité du civil qui le nourrit
296 525 1492 589 et l’approvisionne, l’utilité de la femme et de l’enfant. Il
298 598 1518 653 respecte ce dont il faisait au début bon marché. C’est ainsi
294 664 1591 714 que dans nos pays de culture, les convois de troupes, de camions,
293 728 1556 785 d’artillerie, d’autos-canons ou mitrailleurs, suivent les routes
296 794 1555 847 sans empiéter sur les champs et réciproquement, les récoltes é-
296 854 1595 915 tendant leurs  belles nappes verdoyantes ou déjà dorées jusqu’à la
294 919 1556 986 route bien entretenue. On comprend que c’est le champ qui paie
296 992 1575 1045 l’entretien de la route et tout le reste. Il faut donc ména-
293 1060 1591 1116 ger le champ. Tenons compte aussi de ce fait, tant de fois rele-
294 1116 1533 1188 vé parce qu’il est très grave, que la grande majorité des sol-
293 1186 1527 1250 dats en France sont des cultivateurs : ils respectent la terre,
294 1261 661 1310 leur terre sacrée.
547 1310 1593 1387 Même à proximité du front, des consignes très nettes
293 1384 1551 1444 sont observées, les quantités les besoins d’y faire exception, des
291 1450 1569 1514 mesures spéciales sont prises. A-t-on besoin, pour les troupes,
293 1517 1535 1578 de champs d’exercices ou de manœuvres, on réserve expressément
293 1587 1577 1649 le terr ain nécessaire et on épargne les alentours. C’est ainsi
294 1647 1533 1709 que nous voyons, au carrefour de plusieurs chemins bordant des
291 1713 1560 1777 chants opulents, de blé, d’orge, de seigle, d’avoine ou de maïs,
291 1775 1494 1847 de pommes de terre ou de betterave, un sentier porter cette
287 1841 1608 1922 indication, avec une flèche : Ecole des Grenadiers. Ou bien celle –
291 1902 1476 1990 ci : Cours d’obusiers. C’est au milieu de ces richesses, en
293 1980 1569 2077 prenant grand soin de n’y pas toucher, que l’armée procède à ses
