1745 2197
600 203 1131 289 2° LA DIPLOMATIE SECRETE €?€
587 338 1554 411 Il est évident que la diplomatie secrète ne peut
294 404 1516 479 pas être celle d’une démocratie. Diplomatie secrète et démo-
294 479 1572 538 cratie sont des mots inconciliables. Certes, on ne peut traiter
296 551 1497 607 sur la place publique les affaires extérieures d’aucun pays,
298 616 1538 677 démocratique ou autre ; mais entre l’étalage et le secret, il y
296 684 1552 748 a un abîme. Il faudra chercher, trouver, une organisation per-
294 737 1517 803 mettant d’instituer, dans le domaine de la di plomatie, comme
296 805 1576 875 on l’a fait dans le domaine militaire, le contrôle parlementaire
296 873 1539 937 nécessaire. Aucun pouvoir personnel occulte ne peut s’exercer
298 941 1501 1008 dans une €diplomatie€, et engager la nation, à son insu ; c’est
487 924 666 968 ££
298 1006 1576 1074 inadmissible. Il faut que la nation soit consultée, sinon, bien
302 1069 1578 1144 entendu, à tout propos et à tout instant, au moins avant qu’elle
298 1144 1561 1212 puisse être définitivement engagée. Il faut que cet engagement
298 1204 1578 1265 ne puisse être conclu en dehors de l’approbation et dans l’igno-
303 1277 1561 1334 rance de ses représentants ; il faut qu’il soit, d’une façon ou
303 1338 1523 1407 d’une autre, soumis au contrôle, à une sorte de referendum de
303 1409 1525 1466 la nation. Certes, ce contrôle de notre diplomatie n’est pas
303 1475 1563 1547 facile à concevoir, encore moins à organiser. Il faut pourtant
302 1545 520 1609 y arriver.
