1753 2197
882 102 1020 170 - 13 -
313 197 1553 265 avons au Mans des usines qui fabriquent des automobiles et, en
313 267 1610 322 même temps, des obus ; - il y a partout des meuniers, des fournis-
311 335 1514 388 seurs de bois de lits, de sacs, de couvertures, de véhicules
315 410 1573 455 militaires, etc… etc… ; à La Flèche un tanneur paie chaque jour
315 472 1608 529 plusieurs centaines d’ouvriers et d’ouvrières ; - les professeurs,
316 532 1536 589 régulièrement payés comme tous les fonctionnaires, ont repris
316 602 1633 662 leur cours dans les lycées et, par conséquent, gagnent leur vie ; -
318 664 1293 725 ils prennent leurs vacances, avec leurs familles.
593 732 1613 790 Là encore je saisis la preuve de l’incroyable pros-
315 792 1593 856 périté qui règne en France après deux années de guerre. Partout
316 860 1593 920 la vie a repris son cours. Je ne parle pas de Paris et des toi-
315 931 1611 984 lettes et des théâtres ouverts tous les soirs et pleins de monde ;
316 997 1533 1049 et donnant même des pièces nouvelles, très gaies…. Je fais
313 1069 1575 1116 la part des étrangers qui viennent encore sur nos boulevards et
315 1131 1553 1186 des provinciaux et des officiers de passage. On vient à Paris
311 1193 1573 1257 pour acheter et ce n’est pas à Paris qu’on va regarder à la dé-
316 1270 1573 1321 pense : nous sommes bien loin, c’est entendu, des extravagances
315 1332 1589 1387 du temps de paix, mais les magasins de luxe, les fleuristes, les
316 1393 1571 1450 couturiers, les tapissiers, sont pourtant loin d’être tous fer-
313 1462 1571 1521 més. Ainsi, les usines d’automobiles s’étant mises à faire des
313 1519 1575 1580 obus, on ne devrait plus trouver d’autos à vendre, sinon à prix
315 1589 1589 1651 d’or : quantité de gens, à ma connaissance, trouvent pourtant le
313 1660 1555 1722 moyen d’en acheter ou d’en importer, et des autos de très grand
315 1724 1608 1781 luxe ! Je suis entré, ces jours derniers, dans un magasin anglais
315 1788 1531 1849 des boulevards qui fournit les équipements militaires en même
