1753 2197
917 97 1042 153 - 4 -
390 258 1613 331 le chemin jusqu'alors impraticable de la paix. Et c'est bien
390 333 1573 391 parce que ce chemin fut dégagé que, grâce encore à la géné-
391 399 1610 457 reuse et sage initiative de votre pays, la Seconde Conférence
393 468 1591 532 de La Haye a pu s'ouvrir en 1907. - Le Tzar aurait définiti-
393 532 1611 600 vement renoncé à la convoquer s'il n'y avait XXX été littéra-
391 604 1553 655 lement forcé par le Gouvernement des Etats-Unis. Aujourd'
391 677 1611 726 hui la guerre a de nouveau relégué ces premiers efforts déci-
391 730 1573 792 sifs dans un passé que le scepticisme affecte de considérer
393 803 1613 858 comme nul. En fait, la Société des Nations, dont nous allons
391 871 1650 924 enfin poser les bases, ne sera que le développement de l’œuvre
391 933 624 990 de La Haye.
685 1186 1591 1248 Ce que j'ai toujours admiré chez le Président
390 1263 1611 1320 Roosevelt, c'est que son attachement au Droit et à la Justice
390 1325 1514 1384 n'était pas seulement un effet de sa générosité et de sa
390 1396 1542 1455 bonté naturelles, mais une conséquence de son patriotisme,
388 1462 1492 1517 une obligation dictée par sa raison même, par sa volonté
390 1534 1610 1583 réfléchie de bien servir son pays. Il voulait que les Etats-
391 1594 1580 1651 Unis fûssent prospères et forts pour bien servir l'Humanité,
390 1666 1606 1726 et il comprenait que le Monde ne pouvait progresser, ni vivre
390 1733 1551 1790 dans l'injustice et la discorde. - Notre devise de la Con-
390 1788 1608 1860 ciliation : "PRO PATRIS PER ORBIS CONCORDIAM" aurait pu être
391 1863 1551 1922 la sienne ; en fait, elle est devenue celle de beaucoup de
390 1918 1593 1993 ses compatriotes et de ses amis. Elle a plus d'avenir qu'on
390 1997 586 2056 ne pense.
