1758 2197
888 142 1003 208 - 6 -
390 269 1578 329 s’il n'y a pas, au contraire, développé ou ravivé à l'excès
390 347 1616 399 en lui le goût des luttes violentes, au détriment des victoi-
390 402 1558 468 res que lui assuraient sa raison et son ambition €€ d'être
388 472 1595 547 utile. On peut être énergique, dévoué, héroïque de bien des
390 543 1593 609 façons. La plus noble forme d'énergie doit finir par l'éli-
386 602 1611 681 mination, autant que possible, de la violence et par la domi-
384 679 1615 743 nation de ses instincts primitifs. Le courage d'un être doux
386 745 1573 801 vaut celui d'un être violent ; le fils de Jaurès s'est fait
384 805 1607 878 tuer comme celui de Roosevelt. Et je me demande si l'énergie
382 869 1606 939 de ce dernier a gagné à se mégalomaniser en Afrique, au lieu
380 944 1606 1001 de se maîtriser aux Etat-Unis. J'ai vu à Paris le Président
380 1010 1606 1069 Roosevelt, au retour de ces expéditions herculéennes ; je l'ai
384 1069 1644 1146 trouvé changé ; je n'ai pu l'intéresser, à cette époque, malgré
373 1144 1562 1201 mes pressants appels, au problème de l'Alsace-Lorraine dont
377 1210 1543 1276 il aurait pu si utilement, pensais-je, entretenir à Berlin
377 1268 1540 1342 l'Empereur Guillaume II ; pas davantage à la Russie, qu'il
373 1342 1600 1400 n'a pas comprise dans l'itinéraire de ses visites en Europe. -
375 1407 1479 1466 Il m'a semblé que la politique du "big stick" tendait à
375 1459 1540 1545 l'emporter en lui sur celle de l'idéalisme pratique dont il
369 1541 1411 1603 avait commencé vraiment à donner un modèle au monde.
664 1601 1616 1673 J'ai compris, plus tard, en le voyant reprendre
368 1667 1640 1742 aux Etats-Unis une existence de continuelles luttes intérieures,
369 1741 1552 1799 que la vie d'un ancien chef d'Etat, jeune encore, est, pour
368 1805 1545 1869 ainsi dire, impossible. Il n'y a place pour lui nulle part,
368 1874 1587 1942 sauf à Mont Vernon ou à la charrue de Cincinnatus, ou dans le
