1747 2197
904 137 1018 206 - 3 -
390 270 1494 344 l’éducation ou même de l'apprentissage indispensables ?
683 340 1624 408 La vérité sur le moyen d'entretenir nos routes,
390 406 1556 466 nos chemins de fer, notre marine marchande, nos communica-
395 479 1637 541 tions postales, télégraphiques, téléphoniques, aériennes, avec
393 534 1558 602 un personnel surmené et par des moyens étriqués ; sans même
395 613 1598 679 chercher à utiliser les travaux que nos Alliés ont entrepris
393 681 697 737 sur notre sol ?
688 734 1521 800 La vérité sur le moyen d'adopter, dans la
395 801 1580 871 France épuisée, le minimum de réformes sociales qui seront
397 875 1631 941 la règle dans les autres pays et faute desquelles le désordre,
399 935 1424 999 les grèves, séviront chez nous à l'état chronique ?
692 997 1640 1061 La vérité sur les remèdes qui pourront atténuer
399 1067 1582 1142 les crises ouvrières et professionnelles qu'il aurait fallu
397 1136 952 1202 prévenir ? etc …. etc ….
673 1197 1525 1266 Nous n'en finirons pas si nous cherchons à
402 1270 1644 1334 énumérer tous les mensonges dont il va falloir payer l'opinion
401 1331 1605 1400 au lendemain de la guerre. - Chaque jour fera surgir l'occa-
401 1395 1662 1466 sion d'une découverte nouvelle, dans la nuit des dissimulations
402 1464 1604 1523 ou des ignorances gouvernementales. Clemenceau seul ne ment
402 1532 1536 1598 pas quand il ££/££confie à un rédacteur de l'Associated Press,
402 1594 1605 1664 pour l'édification du monde entier, que notre victoire pour-
402 1655 1265 1735 rait bien être une victoire à la Pyrrhus !..
697 1724 1605 1803 Je note seulement aujourd'hui deux des résul-
404 1792 1507 1865 tats de cette guerre et de notre victoire à la Pyrrhus :
