1745 2197
858 113 986 168 - 4 -
606 238 1593 311 Il y a deux ans, au début de la guerre, les chau-
333 311 1594 369 vins dénonçaient Jaurès et les socialistes, et les internatio-
335 382 1611 435 nalistes, soi-disant antipatriotes. Aujourd'hui, c'est le chau-
335 443 1611 508 vinisme qui commence à devenir muet, et ce sont les partisans de
333 514 1175 574 la paix qui nous conduiront à la victoire.
622 582 1591 640 M. A. Briand est un ancien socialiste, resté pa-
331 646 1494 714 cifique ; il a toujours fait partie de mon groupe. Albert
331 704 1552 781 Thomas, ministre des Munitions, Sembat, étaient avec moi à la
329 772 1565 847 conférence franco-allemande de Berne. De même, en Angleterre,
327 836 1587 913 Lloyd George, était avec nous, à fond ; de même, en Russie Makla-
325 911 1510 977 koff, Milioukoff. C'est l'esprit de justice, la révolte du
327 968 1365 1043 Droit violé qui nous anime et nous rend invincibles.
620 1043 1528 1113 Je croyais à la victoire bien avant le Comité
325 1111 1527 1177 Secret ; maintenant, et sans même tenir compte de l'optimisme
322 1179 1521 1243 nécessaire des Gouvernants, l'esprit de notre Comité Secret,
325 1241 1563 1307 c'est-à-dire l'esprit de la nation tout entière, a fortifié et
320 1310 1583 1369 motivé ma confiance. Nous ne pouvons pas ne pas vaincre, et la
324 1374 1598 1439 raison en est bien simple : nous combattons pour l'avenir de nos
325 1435 1543 1510 enfants; l’Allemagne, elle, ne combat que pour l’avenir d'un
322 1508 541 1574 Kronprinz!
576 1567 1598 1638 Quelle différence entre sa cause et la nôtre! Notre
322 1634 1541 1704 sacrifice est fécond. Le sien est stérile. Elle est trompée
322 1700 1629 1777 par les mensonges de son Gouvernement ; nous sommes, au contraire,
320 1774 1490 1849 illuminés par notre bon Droit. Guerre dynastique d'un côté,
305 1843 1616 1922 guerre nationale, humaine, universelle de l'autre. C'est la lutte
