1745 2197
838 135 953 194 - 4 -
324 263 1585 327 considération et de gratitude, nous ferons largement la part de
324 340 1604 397 l’influence qu’exerceront jusque dans leur descendance tous ceux
322 408 1525 459 qui auront contribué à la délivrance du pays et du monde ; il
324 477 1585 523 faudra faire aussi la part des pensions, - (voyez l’exemple des
325 541 1618 595 Etats-Unis et le nombre des pensions distribuées aux innombrables
324 598 1605 660 descendants des combattants de la Guerre de l’Indépendance ; )- il
327 671 1624 728 faudra faire la part des situations privilégiées qui le revien-
322 735 1614 798 dront de droit ; la part des mariages…. Toutes nos héritières,
324 800 1658 860 heureusement, voudront épouser des héros ! Leurs enfants et petits-
322 860 1625 930 enfants vivront de la gloire de leurs pères. Nous arrivons ainsi
324 933 1525 994 à un total énorme d’avantages qui balanceront les maux de la
324 1001 1604 1065 guerre ; sans parler de la prodigieuse reprise d’activité qui ne
324 1061 1563 1129 peut manquer de suivre la guerre et s’annonce déjà, même avant
320 1125 562 1197 la fin…..
600 1199 1583 1259 Sans doute on s’efforcera de ne pas confondre les
322 1252 1622 1327 honneurs avec les profits de la guerre. Il sera malaisé pourtant
322 1327 1604 1396 de savoir dans quelle mesure ces profits représenteront des ser-
324 1395 1600 1461 vices rendus à la Défense Nationale. Quoiqu’il en soit, ne nous
325 1459 1563 1517 faisons pas d’illusion ! Si les enfants de tous ceux qui auront
325 1521 1561 1587 gagné matériellement à la guerre encaissent sans conteste leur
324 1587 1600 1653 profit, la guerre actuelle sera sûrement à recommencer. Le len-
325 1662 1620 1730 demain de la guerre dépendra moins de l’importance de la victoire
324 1726 1620 1786 que des sanctions intérieures qui devront compléter les sanctions
324 1794 1600 1854 extérieures de la paix. C’est en vain qu’après avoir châtié nos
320 1860 1618 1926 agresseurs, nous prétendrions épargner dans notre pays les
320 1926 1561 1988 coupables qui auront indûment profité de l’agression. Il faut
