1758 2197
911 126 1032 188 - 3 -
388 245 1595 320 €Etats-Unis€, €ou€ €tout€ €au€ €moins€ dans le Nouveau Monde, le siège
390 329 1633 384 de ce premier tribunal facultatif de la paix ; il n'hésita pas
386 384 1574 452 à franchir l'Océan, à dessaisir, en quelque sorte, son pays
386 459 1611 516 au profit de l'Europe. Son exemple désintéressé fut irrésis-
388 523 1607 580 tible ; le charme fut rompu ; la Cour de La Haye désensorcelée.
388 584 1670 646 Vint ensuite le célèbre conflit de Dogger Bank, entre la Grande-
386 657 1571 710 Bretagne et la Russie, puis la généreuse décision prise par
382 721 1631 781 M. Carnegie de faire construire à la Cour de La Haye le palais
386 781 1452 844 que lui refusaient les Gouvernements ; puis la paix de
382 856 697 920 Portsmouth.....
679 917 1530 981 Ainsi, la volonté de servir le Droit et de
382 984 1606 1047 pacifier le Monde s'est affirmée chez le Président Roosevelt ;
384 1052 1569 1107 et c'est à lui que les Etats-Unis doivent l'honneur d'avoir
386 1116 1607 1177 été vraiment, par leur initiative et leur protestation contre
382 1184 1606 1244 la routine universelle, les arbitres et les guides de l'Huma-
379 1255 930 1305 nité dans la voie nouvelle.
655 1323 1527 1376 Le jour où le Président Roosevelt a pris si
380 1380 1622 1446 énergiquement, avec tous ses fils, parti pour la France contre
377 1451 1507 1510 l'agression du militarisme allemand, il a été fidèle aux
379 1525 1565 1580 premiers actes de sa vie internationale, il a combattu pour
377 1589 1585 1647 le Droit. A ce titre, les amis de la France, comme les amis
379 1655 1585 1717 de la paix, lui doivent une reconnaissance infinie. Je suis
375 1719 1584 1779 de ceux qui ont demandé pour lui le Prix Nobel et je me suis
375 1785 1582 1845 toujours félicité qu'il l'ait obtenu. Il était juste que le
375 1849 1523 1911 Président des Etats-Unis reçût la récompense éclatante du
375 1913 1600 1988 grand service qu'il avait rendu au Monde en lui ouvrant enfin
