1740 2197
807 142 1117 221 LETTRE N° 477.
174 214 412 303 SÉNAT
1155 228 1602 313 PARIS, 4 Février 1919.
760 402 1157 474 LE PRÉSIDENT WILSON
624 465 1261 551 RECU à la CHAMBRE DES DÉPUTÉS .
943 703 1282 761 Mon cher Butler,
730 891 1620 959 Le Parlement, – les deux assemblées réunies à
437 953 1611 1032 la Chambre des Députés, – a reçu hier, en séance solennelle,
439 1036 1600 1102 le président des États-Unis. Les journaux vous donnent le
439 1093 1580 1171 compte-rendu de cette manifestation grandiose et le texte
441 1164 1564 1226 des deux discours du président Deschanel et du président
445 1248 600 1307 Wilson.
738 1287 1641 1363 Je relèverai seulement ceci, - nouvelle affir-
441 1352 1566 1426 mation, aggravation des paroles prononcées, condam-
443 1429 1606 1493 nation de la négligence et de l’erreur gouvernementale que
446 1488 1567 1556 nous avons vainement essayé de combattre avant la guerre:
741 1556 1609 1618 Le président Wilson a dit plusieurs fois, en
446 1623 1608 1697 substance, à la Sorbonne et ailleurs : "cette guerre aurait
434 1684 1600 1764 "pu être évitée, si €une organisation€ de conciliation avait
846 1669 1095 1715 un organisme
430 1757 1487 1838 "été prévu et s’il avait fonctionné avant la guerre".
745 1827 1434 1893 Hier il a dit, en d’autres termes :
179 1982 1124 2063 à Monsieur le Président Nicholas Murray BUTLER.
