1758 2197
825 113 946 186 - 4 -
294 216 1527 283 aujourd’hui d’une efficacité presque complète, même en ce qui
296 296 1602 355 concerne les neutres, si la défection de la Russie et le désastre
296 358 1602 430 roumain qu’elle a entrainé n’avaient pas ouvert à l’Allemagne l’espé-
296 428 1565 496 rance de rompre son isolement par terre. La colonisation de la
296 499 1510 567 Russie et de l’Asie par l’Allemagne, si l’Allemagne reste ce
294 569 1659 637 qu’elle est, et quand la Russie cessera d’être anarchique, enlèvera
296 637 1380 697 au blocus maritime une part considérable de son effet.
591 697 1627 767 Mais le blocus n’a été qu’une première étape ; l’in-
296 767 1567 834 telligence des Alliés qui n’a finalement rien trouvé de décisif
294 838 1633 900 dans le traditionnel domaine militaire des "officiers de carrière",
296 911 1606 968 a pu s’ingénier plus heureusement dans l’indépendance des recher-
300 979 1565 1041 ches individuelles de l’esprit moderne. – (Là encore, quoiqu’en
298 1038 1649 1107 disent les nationalistes, c’est le civil qui aura "sauvé la guerre",
298 1111 1584 1173 dans la mesure où elle pouvait être sauvée ; et c’est pourquoi je
296 1180 1527 1237 ne cesse, dans ma correspondance avec vous, de vous mettre en
294 1252 1582 1305 garde contre l’imbécile campagne qui consiste à faire du Nouveau
293 1310 1682 1376 Monde le refuge et la Jérusalem nouvelle de "l’officier de carrière".)
294 1374 1584 1439 Deux nouvelles étapes, deux moyens d’action se sont imposés avec
294 1440 1543 1504 la prolongation indéfinis de la guerre et comme la conséquence
294 1508 1655 1580 de l’union des Alliés. Les moyens vaudront exactement ce que vaudra
294 1574 791 1640 cette union. Les voici :
470 1675 586 1746 A.-
743 1675 1657 1742 A l’appui du blocus, l’arme économique, ou la
291 1752 1620 1816 politique des matières premières. Cette politique n’est pas et ne
291 1819 1602 1883 doit pas être une politique d’agression, une arme offensive et de
289 1885 1598 1955 domination. Le Président Wilson a pris soin, sagement de mettre
