1746 2197
888 120 1024 179 - 11 -
267 219 1592 285 ce rêve de détruire XXXXXXXXX leur pays ; c’est un prétexte qu’ils
269 285 1590 347 invoquent pour détruire réellement une partie du nôtre. Enfin, là
269 357 1531 421 où ils ne sont pas, tout reste beau, tout reste riche. Je suis
269 428 1469 487 allé, plus d’une fois, chez moi dans la Sarthe, en Bretagne où
1139 402 1185 452 ££
269 496 1531 547 sont mes enfants pour quelques semaines. C’est à ne pas croire
271 558 1571 622 que nous sommes en guerre. Là aussi, et à plus forte raison, les
271 626 1505 681 foins ont été coupés, séchés, rentrés, dans les conditions les
271 684 1570 754 meilleures ; les blés un peu gâtés par la pluie du printemps n’en
272 761 1529 818 sont pas moins déjà rangés en gerbes et en meules. On commence
267 822 1471 884 à les battre ; la splendeur d’un été brûlant a mûri les épis
272 889 1531 946 plus rares mais plus gros que d’habitude. Les premières machi-
267 957 1522 1021 nes ronflent comme à l’ordinaire dans tout le pays. On trouve,
272 1021 1511 1082 je ne sais comment, la main-d’œuvre. C’est une pitié, il est
271 1080 1529 1144 vrai, de voir les enfants chargés de responsabilités et de tra-
269 1157 1527 1221 vaux bien au-dessus de leur âge ; je vois un garçon de neuf ans
271 1224 1542 1287 conduisant chaque jour au grand trot la carriole de ses parents,
265 1283 1502 1349 descendant les côtes à faire frémir, pour lui, pour le cheval,
265 1356 1562 1420 pour les passants…. C’est ainsi partout. Dans bien des fermes,
265 1415 1586 1490 heureusement, des permissionnaires travaillent. A Clermont-Créans
265 1490 1544 1554 nous avons depuis longtemps un détachement de chasseurs à pieds :
267 1543 1548 1620 c’est un continuel va-et-vient. Ils viennent de Mamers, puis du
269 1614 1491 1680 Mans, où ils se sont exercés au maniement individuel de la mi-
269 1682 1548 1753 trailleuse et de la grenade ; puis attendent leur tour de départ
269 1752 1548 1814 pour le front. Chaque semaine, le Vendredi, on en voit une cin-
267 1821 1548 1885 quantaine prendre le train à La Flèche ; et le lendemain d’autres
272 1882 1505 1968 les remplacent. Ainsi le front s’alimente régulièrement d’une
