1758 2197
855 131 968 201 - 7 -
294 245 1545 311 nécessité d’organiser d’abord le blocus, puis la privation des
298 325 1543 382 matières premières a conduit les Alliés, d’effort en effort, à
296 399 1551 452 une série de progrès d’ordre national, puis, de négociation en
294 457 1585 523 négociation, à une série de progrès d’ordre internationale.-. On
298 530 1587 585 est donc arrivé à prévoir comme une des sanctions de la paix, et
298 596 1585 666 pour le temps de paix, le refus collectif des matières premières
296 664 1607 719 contre l’Etat qui mettrait la paix en danger. Cette menace, pour
296 730 1465 798 être sérieuse comporte une double organisation préalable:
452 838 536 904 A.-
754 827 1256 895 Organisation intérieure :
959 878 1093 920 ££
1389 822 1640 891 Chaque Etat,
289 908 1593 966 membre de la Société des Nations, €€ être prêt à s’abstenir,
294 970 1627 1032 en d’autres termes, à se priver lui-mêm e, en temps de paix, comme
294 1039 1525 1096 aujourd’hui en temps de guerre, d  e tout commerce avec l’Etat
294 1102 1486 1166 délinquant ou récalcitrant ; il convient         dès à présent, de
1076 1065 1184 1120 ££
296 1168 1563 1232 prévoir et d’atténuer, dans la mesure possible, cette privation
298 1235 1604 1298 sub  ite, ce sacrifice plus ou moins sensible€.€ pour le commerce et
298 1305 1536 1374 la production de chacun des pays qui appliqueront la sanction.
450 1398 534 1470 B.-
745 1406 1344 1473 Organisation internationale.
1435 1413 1624 1471 Afin que
294 1468 1584 1530 la sanction soit bien appliquée par tous, quelle que puisse être
293 1543 1600 1598 l’inégalité des sacrifices imposés aux uns plus qu’à d’autres, il
86 1605 1563 1667 convient – et cela, d’ailleurs, pour le plus grand bien général, - de tenir
294 1673 1582 1739 très exactement à jour le bilan des ressources et des besoins de
296 1746 1578 1799 chacun et de tous ; cela fait, on pourra et on devra faire fonc-
293 1814 1562 1869 tionner un système de compensation, d’assurance ou d’assistance
293 1876 1600 1948 mutuelle, peu importe le mot, tel que chacun participe à l’effort
