1766 2197
835 104 948 157 - 3 -
300 219 1608 289 G.Hanotaux, sur les travaux tout à fait remarquables de notre ami
300 292 1645 366 et collaborateur André Weiss, sur les directions de Léon Bourgeois,
298 360 1610 433 sur les interventions du pauvre Louis Renault qui vient de mourir
298 435 1591 494 subitement, sur celles de Jules Cambon, Matter, Fromageot ; j'en
298 501 1529 569 pourrais mentionner d'autres encore ; c'en est assez pour que
300 571 1652 627 vous sachiez que cette Commission, bien que tenue à une regrettable
298 638 1610 699 mais inévitable réserve, puisqu'elle a été constituée par le Gou-
300 708 1610 765 vernement et dépend du Gouvernement, lequel doit lui-même être en
302 772 1551 838 communauté de vues avec nos Alliés, ne perd pas son temps. En
305 845 1535 904 fait, elle prépare sérieusement sa contribution à l'effort de
304 913 1513 970 quantité d'initiatives in ellectuelles ou populaires pour la
304 977 1595 1041 création pratique de notre future Société des Nations. C'est un
305 1041 1652 1105 excellent signe. Ne manquons pas d'en tenir compte. Cette société
305 1109 1610 1175 des Nations, dont la conception faisait sourire, avant la guerre,
302 1175 1549 1243 s'élabore dans les esprits réfléchis. Chaque jour je pourrais
302 1254 1602 1309 vous signaler quelque conférence publique organisée sur ce sujet,
304 1325 1531 1384 soit à Paris, soit en province ; c'est le sujet, l'actualité;
300 1385 1529 1444 partout, en France et dans tous les pays, c'est la question à
302 1442 1630 1512 l'ordre du jour. Rien n'est plus éloquent que cette émulation des
302 1519 1593 1574 activités pour la réalisation pratique et définitive de ce qu'on
296 1581 1529 1642 appelait hier l'utopie ; émulation entre les intellectuels, la
300 1658 1569 1720 masse des classes populaires et, par conséquent aussi, les Gou-
300 1713 538 1779 vernements.
622 1777 1634 1850 L'organisation collective du blocus a été naturel-
304 1849 1612 1913 lement le point de départ de l'emploi de l'arme économique. Il a
304 1927 1573 1990 fallu trois ans pour arriver à la mettre au point : elle serait
