1753 2197
904 128 1020 184 - 7. -
393 252 1555 320 jardin de Candide. Il ne peut être indifférent, - et il ne
391 320 1615 389 peut plus gouverner. Son rôle se borne donc à critiquer ou à
390 391 1538 455 attaquer ses successeurs, à morigéner ses contemporain€e€s.
390 459 644 525 Rôle ingrat.
685 521 1557 580 S'il avait vécu plus longtemps, gardant les
391 596 1536 653 facultés de sa jeunesse, peut-être le Président Roosevelt
393 655 1613 717 eût-il oublier les inimitiés que son ardeur prolongée et
391 730 1577 783 accumulée li avait suscitées ; peut-être eût-il recommencé
391 789 1573 853 une vie, comme Clémenceau ? comme Gladstone ? Quoiqu'il en
388 856 1613 919 soit, les Américains peuvent être fiers et reconnaissants des
390 924 1648 990 services qu'il leur a rendus et à l'intérieur et à l'extérieur ;
388 995 1591 1052 la France ne pourra jamais oublier la part qu'il €a€prise dans
386 1061 1553 1125 ses épreuves et dans sa victoire ; l'Humanité inscrira son
384 1125 1095 1184 nom parmi ceux de ses bienfaiteurs.
899 1259 1483 1325 Votre affectueusement dévoué,
947 1331 1302 1437 ££
164 1578 1111 1647 à Monsieur le Président Nicholas Murray BUTLER,
582 1653 782 1728 NEW-YORK.
