1768 2197
875 106 993 166 - 2 -
318 214 1527 278 rapport devant la prochaine conférence interparlementaire de
320 276 1647 340 Londres. Cette conférence a été ajournée. La question n'en reste
316 353 1623 419 pas moins à l'ordre du jour : elle est même devenue peu/ à peu la
316 415 672 477 question du jour.
316 551 1582 620 comme insuffisants pour mettre fin à la guerre, - ( ce qui, par
615 481 1566 554 A mesure que les moyens militaires apparaissent
315 620 1564 695 parenthèse, n'est pas à l'honneur du militarisme), - on est bien
313 688 1595 754 obligé de chercher autre chose, et c'est ainsi qu'on est arrivé,
311 756 1621 834 du côté des Alliés, à l'emploi concerté des forces économiques de
313 825 1577 902 chacun contre l'ennemi commun. - L'arme économique n'est donc
311 887 1559 968 qu'un moyen de suppléer à l'insuffisance de la force navale et
309 964 1513 1032 militaires des Alliés, comme la terrorisation est le moyen du
309 1019 1654 1102 militarisme allemand ; mais, par un paradoxe inattendu, l'emploi de
311 1089 1614 1171 cette arme exige une organisation collective des États  tellement
307 1160 1575 1235 étudiée qu'elle devient, en fait, une préparation de la Société
304 1222 1612 1301 des Nations. C'est pendant la guerre et sous la contrainte de la
304 1298 1630 1376 guerre que les Gouvernements auront été réduits à faire le premier
302 1365 1209 1439 essai d'une organisation sérieuse de la paix!
300 1490 1507 1572 de nos discussions les plus approfondies et, à mon avis, les
602 1429 1630 1512 Cela est si vrai que l'arme économique fait l'objet
300 1563 1507 1653 plus utiles, à la Commission "pour l'étude de la Société des
294 1631 1551 1715 Nations", qui siège aux Affaires Etrangères et dont
214 1764 1639 1858 je vous €€ ai parlé. - Je ne puis naturellement me départir, sur ce
293 1841 1538 1913 point, du secret professionnel. Je puis cependant, et je dois
294 1900 1577 1995 insister sur les initiatives répétées, hardies et excellentes de
