1741 2197
901 91 1006 159 - 6 -
320 221 1559 296 comme responsables, les Dirigeants. Avec ceux des prisonniers
318 298 1620 351 allemands qui parlaient français, il causait et il n’était pas le
318 362 1599 428 seul. – De même causent et fraternisent les soldats français et
320 435 1559 487 allemands de tranchée à tranchée, échangeant des journaux, des
320 492 1640 556 cigarettes, se prévenant à temps pour s’épargner des mauvais coups,
318 563 1651 620 une explosion de mine, par exemple. Bien entendu cette camaraderie
318 629 1500 692 entre ennemis est interdite par notre commandement, et avec
320 699 1642 750 raison : je suis convaincu néanmoins qu’elle n’est pas en danger
318 761 1603 827 pour les armées allemandes et qu’elle a incité plus d’un prison-
318 833 1620 884 nier allemand à se faire prendre volontairement. En tout cas, le
322 895 1601 952 fermier dont je parle prétend que ces prisonniers aiment mieux
318 963 1620 1021 être sous sa garde que dans leurs tranchées et ne se gênaient pas
318 1034 1577 1082 pour le dire ! En outre, ils racontaient ce qu’ils savaient des
318 1093 1543 1157 mensonges de leur Gouvernement ; d’autre part il mettait au
320 1162 1640 1222 point les exagérations ou les inexactitudes de nos journaux. J’ai
322 1232 1579 1283 su qu’il en est généralement ainsi sur toute l’étendue de notre
320 1301 1638 1358 front : l’esprit de l’amitié est le plus fort que la haine, - l’esprit
317 1363 1579 1420 de justice prendra sa revanche du mauvais esprit. Ce fermier a
318 1422 1577 1482 résumé exactement, je crois, le sanglant de beaucoup de braves
322 1493 1579 1552 gens qui ne veulent ni livrer la France au militarisme allemand
320 1561 1579 1614 ni supprimer l’Allemagne, et je suis convaincu qu’il était plus
320 1627 1577 1678 d’accord avec l’immense majorité de la France que M.  Clemenceau
318 1695 1535 1744 quand il me disait : "on pourra nous raconter ce qu’on voudra :
322 1752 1519 1818 tout le monde voulait pas la guerre ! L’Allemagne, il est
320 1818 1599 1891 vrai, l’a déclarée, c’est le malheur de tout le monde : mais cela
315 1883 1579 1964 n’empêche pas qu’il y avait en France des gens qui la voulaient
