1753 2197
945 117 1064 168 - 2 -
393 269 1546 335 Washington à bicyclette, parmi les voitures, les passants,
395 346 1615 411 bravant à plaisir les obstacles. Le danger les charmait ; ils
395 406 1197 479 étaient déjà préparés à donner leur vie.
688 604 1648 670 Le Président Roosevelt était la générosité même,
393 666 1536 730 le représentant de l'idéalisme américain. Il a rendu non
391 734 1553 803 seulement les Etats-Unis, mais au Monde des services qu'il
393 809 1633 864 faut faire connaître, pour l'honneur de votre pays et de l'hu-
393 871 1595 924 manité. En 1902, le Monde était bien incertain. On commen-
393 941 1529 995 çait à parler sérieusement de la paix, à vouloir la paix.
395 1010 1650 1067 C'était au lendemain de votre guerre avec l'Espagne et celle
395 1065 1595 1133 du Transwaal. L'opinion se lassait de ces vieux moyens bar-
395 1144 1595 1199 bares de régler par la force les conflits entre les peuples ;
395 1197 1571 1255 elle ne demandait qu'à faire bon accueil au progrès nouveau
393 1274 1553 1329 de l'arbitrage organisé. Mais, à n'entendre que la presse
393 1332 1546 1398 officieuse et les chancelleries, la Conférence de La Haye,
399 1411 1591 1468 tenue en 1899, avait échoué, semblait-il ; les Gouvernements
393 1473 1588 1532 la tenaient pour non avenue ; la Cour d'Arbitrage n'existait
393 1543 1586 1590 que sur le papier ; nul ne voulait y faire appel ; elle était
393 1605 1591 1662 déclarée mort-née. Le Président Roosevelt eut le courage de
393 1666 1608 1731 se distinguer de€é€tous les c€h€efs de Gouvernement en la faisant
391 1739 1589 1790 vivre et en la réhabilitant. C'est lui qui, le premier, osa
391 1799 1569 1858 montrer aux Etats récalcitrants le chemin de la justice, et
395 1865 1610 1931 il eut d'autant plus de mérite qu'il aurait pu constituer €aux€
