1745 2197
910 124 1012 188 - 2 -
309 214 1587 281 pendant la guerre feront masse en faveur des guerres futures, en
309 292 1547 355 faveur des ligues pour la guerre, des journées pour la guerre,
307 353 1607 421 des entreprises pour la guerre. La carrière de la guerre restera
309 430 1545 485 en souvenir et en perspective, pour un certain nombre de gens,
311 496 1613 549 la grande affaire, l’ambition par excellence. Pour ce qui concer-
307 558 1527 615 ne l’argent, nombre de braves gens auront pu reprendre à leur
307 629 1587 692 compte et amplifier ce mot de la comédie d’Halévy : "Mes enfants!
305 693 1605 748 si nous avons la chance que la guerre durant encore six mois : j’au-
307 750 1604 823 rai mon million !". La guerre aura duré déjà quatre fois six mois
307 816 1561 882 et on ne parle plus d’un million, mais des millions gagnés et à
302 887 1343 946 gagner. Une nouvelle classe de riches s’est formée.
580 961 1545 1014 Mais les millions le sont pas tout. Voyons plus
305 1016 1625 1089 haut : il faut faire entrer en ligne de compte, bien au-dessus des
302 1089 1543 1146 avantages matériels, de grandes satisfactions idéales, les unes
303 1151 1561 1212 justifiées et très nobles de, les autres fausses et mauvaises, que
303 1219 1539 1285 la guerre apporte, suivant ce qu’a été la guerre. Parlons-nous
302 1274 1600 1354 d’une guerre offensive ? de l’agression allemande ? Si elle avait
300 1351 1580 1420 été victorieuse, c’était la gloire pour les Allemands ; c’étaient
300 1417 1614 1482 l’orgueil, l’ambition, le patriotisme exaltés; le succès couvrait
302 1486 1560 1548 tout. Malheureuse, on lui trouvera des excuses, et c’est l’in-
300 1548 1530 1616 succès plus que la guerre que bien des Allemands regretteront.
300 1607 1576 1684 Parlons –nous allons, au contraire, d’une guerre défensive, celle que sou-
300 1673 1594 1753 tient la France ? XX Quel qu’en soit le résultat, quel XXXX soit
1404 1666 1475 1715 que
296 1746 1574 1821 le prix effroyable de notre succès, le seul fait d’avoir résisté
296 1816 1593 1885 sera déjà une récompense de nos sacrifices. Nous aurons été dans
289 1882 1611 1968 notre bon droit, nous aurons servi la bonne cause, diront les uns ;
