1741 2197
903 111 1018 170 - 3 -
285 221 1588 289 l’armée d'Orient, l'autre de notre flotte, l'autre du front pour
285 296 1587 360 les mères, les sœurs, les femmes réunies autour des enfants. On
285 358 1550 426 fêtait aussi mon fils qui a terminé brillamment ses épreuves et
285 437 1471 497 qui, venu en permission, portait pour la première fois ses
287 505 1530 563 insignes de pilote aviateur militaire, avant d'être envoyé sur
284 569 1491 624 un avion de chasse, N££/££ieuport, pour affronter le duel déjà
285 633 1550 693 classique, avion contre avion, soit le combat nouveau hydravion
287 710 665 767 contre sous-marin.
586 761 1609 829 Les jeunes soldats amis de la maison se rencontrent
289 829 1524 897 ou se succèdent dans leurs uniformes variés, qui en artilleur,
289 906 1590 963 qui en fantassin, en cavalier ; et, avec eux, des jeunes gens dont
289 972 1570 1021 nous suivions les études, - (ceux qui ne sont pas disparus) quel-
287 1030 1546 1100 ques-uns boiteux, malades, amputés mais tous gais, quand même,
287 1102 643 1162 comme auparavant.
584 1158 1599 1228 A la cuisine nos anciens domestiques et nos blessés
289 1241 1574 1290 surviennent, dînent, vont au théâtre avec la femme de chambre ou
289 1301 1312 1363 la cuisinière, chacune leur tour, comme auparavant.
571 1365 1548 1426 Tous sont étonnés de la gaieté des boulevards. Le
291 1433 1530 1488 temps est beau et sec. Les petites voitures de fleurs du Midi
291 1495 1550 1552 œillets, mimosas, violettes, sont rangées le long des trottoirs,
291 1563 1491 1618 comme d'habitude ; elles s'entremêlent avec celles de fruits
291 1638 1506 1693 d'Algérie, d'Amérique, des Antilles, oranges, bananes, dates,
291 1699 1513 1752 raisins, figues. La circulation est gênée. Les baraques du
289 1770 1526 1834 Jour de l'An se sont alignés et remplies comme à l'ordinaire ;
289 1832 1625 1902 pleines de jouets, d'articles de Paris, de nouveautés. Les fusils,
313 1907 1609 1975 les canons, les soldats articulés, les croix, font le bonheur des
