1748 2197
868 106 1007 172 - 10 -
296 212 1579 270 exercices de dévastation. En fait, chaque parcelle de terre est
296 278 1559 336 cultivée, à l’exception des tranchées et des cordons de fils de
298 340 1515 402 fer de seconde et troisième lignes où les herbes poussent,
298 410 1581 465 ronces naturelles dans les ronces artificielles ; mais en dehors
296 477 1599 536 de ces étroites lignes, volontairement sacrifiées, le pays entier
296 536 1579 604 n’est que moissons mûres. Je suis allé, depuis lors, en Bourgo-
294 611 1537 671 gne, aux environs de Dijon. Jamais l’aspect de notre vignoble
294 668 1595 728 n’a été plus beau. La vendange s’annonce très bien. Le vin sera
294 739 1540 794 excellent et hors de prix. Les viticulteurs feront des fortu-
293 807 1575 869 nes. J’en dirais autant de la prospérité des campagnes que j’ai
294 876 1557 933 traversées en allant en Suisse. C’est un spectacle stupéfiant !
293 939 1577 1008 Quelle leçon pour l’avenir ! Des femmes, des enfants, des vieil-
293 1001 1566 1072 lards ont pur mener à bien tout ce travail ! – ££P££endant la récolte,
294 1074 1537 1135 il est vrai, l’autorité militaire envoie des régiments entiers
291 1133 1537 1201 en permission ; ils se succèdent et se relaient, de la fenaison
289 1206 1553 1266 aux récoltes, puis aux vendanges. On emploie aussi des prison-
287 1274 1529 1332 niers allemands : terrible problème. Quand on les voit si bien
287 1336 1513 1402 portants chez nous et quand on sait que les nôtres meurent de
293 1407 1584 1470 faim et de fatigue en Allemagne, et quand on se dit que nous ren-
289 1471 1590 1539 verrons là-bas, après la guerre, ces hommes valides en échange des
282 1532 1570 1601 nôtres épuisés. Nous aurons préparé ainsi une renaissance alle-
284 1598 1586 1666 mande, tandis que les Allemands, plus machiavéliques, poursuivent
285 1669 1168 1733 ce qu’ils appellent la fin de la France…..
564 1741 1526 1814 Quoiqu’il en soit, par un moyen ou par un autre,
285 1807 1507 1880 la France continue de porter ses fruits partout où elle n’est
285 1861 1588 1953 pas occupée par l’ennemi : là c’est, au contraire, le dépeuplement
284 1944 1550 2019 systématique, l’anéantissement sauvage et le martyre de tout un
284 2021 1583 2105 peuple. Les Allemands prétendent que nous poursuivons niaisement
