1747 2197
899 157 1018 214 - 8 -
703 309 1549 375 Encore un peu et il semblera beaucoup plus
404 373 1629 441 pratique de ne plus même visiter la France et de la voir chez
406 443 1507 510 soi, sans se déranger, non pas telle qu'elle deviendra,
406 514 1538 580 restaurée, remise plus ou moins à neuf, mais telle qu'on
410 580 1593 644 peut se la figurer dans les livres et les musées, telle qu'
413 638 1637 704 elle était du temps où nos grand'mères souriaient, sans souci
410 712 1540 772 des guerres de conqûetes, ou bien encore tout simplement
412 774 1514 851 du temps de la grande guerre, sous les obus, au cinéma.
983 900 1571 972 Votre affectueusement dévoué,
1067 974 1648 1061 ££ ££ ££
234 1290 1175 1382 à Monsieur le Président Nicholas Murray BUTLER,
650 1382 847 1453 NEW-YORK.
