1745 2197
780 115 1076 192 LETTRE N° 160.
186 217 424 313 SÉNAT
1080 208 1549 283 PARIS, 12 Juillet 1916.
585 369 1369 452 LE PARLEMENT FRANCAIS en COMITÉ SECRET.
902 512 1239 569 Mon cher Butler,
589 708 1572 776 Pour la première fois, depuis quarante-trois ans,
300 776 1574 845 depuis ce que nous appelions "la guerre", -comme s'il n'y avait
296 851 1556 911 pas d'autre guerre...., - pour la première fois depuis la fonda-
298 917 1479 968 tion de la République en France, le Parlement a délibéré en
300 979 1519 1034 Comité Secret. La constitution, sagement, a/prévu pourtant ce
298 1054 1580 1103 secret, mais on craignait d'y recourir ; on pensait, à tort, que
298 1113 1517 1175 la présence et le contrôle du public et de la presse, étaient
298 1175 1516 1239 une condition nécessaire de nos débats ; livrés à nous-mêmes,
298 1250 1501 1307 n'allions-nous pas être sans frein, tomber dans l'anarchie ?
595 1312 1538 1365 L'expérience était considérée comme redoutable ;
302 1373 1600 1444 elle pourrait être funeste à notre régime parlementaire et "ache-
300 1439 1536 1503 ver de le déconsidérer" disaient les adversaires du parlement.
302 1515 1558 1565 Sollicitude bien suspecte à mes yeux, car la plupart de ceux de
302 1585 1539 1636 mes collègues et ceux des journaux qui se déclaraient hostiles
302 1644 1521 1706 au Comité Secret obéissaient en réalité à leur défiance de la
305 1713 1558 1774 démocratie. Ils sont obligés aujourd'hui de reconnaître qu'ils
303 1781 1541 1838 se sont trompés une fois de plus. Le comité Secr t s'est tenu
303 1847 1501 1905 dans la plus parfaite correction : il a fait honneur à notre
139 1940 963 2017 À Monsieur le Président N. Murray BUTLER.
