1758 2197
869 133 985 197 - 5 -
714 267 1578 340 Il a poursuivi le développement de son pays
412 329 1622 402 dans la paix. Mais ce programme n'a pas été pour lui, comme
413 400 1679 479 pour tant d'autres, un mot. L'assainissement moral et matériel
415 470 1602 532 des Etats-Un/is a été son but précis, bien arrêté, son pro-
415 543 1620 604 gramme d'action. Et, pour appliquer ce programme, il a com-
415 609 1563 675 mencé par l'essentiel, par le plus difficile, ce que peut
419 671 1584 741 seul faire un homme de bien ; il€s€ s'est en€t€ouré des meil-
417 746 1640 805 leurs hommes qui fûssent à sa portée, à commencer par l'admi-
417 809 1604 867 rable John HAY, par Elihu ROOT, par TAFT, et aussi par tous
417 875 1644 941 ces jeunes qu'il était si fier de nous présenter, à la Maison
417 937 1565 1003 Blanche, sous ce beau nom : "mes âmes blanches". Des âmes
419 1005 1587 1076 qu'il avait chargées de la régénérations et du salut de son
419 1069 1613 1138 pays ; l'éducation, l'hygiène, le reboisement, l'irrigation,
417 1147 1635 1201 la remise en état de vos fleuves, la construction des routes,
1060 1111 1648 1158 ££ ££ ££ ££ ££ ££ ££ ££ ££
421 1202 1607 1272 la mise en valeur enfin de tant de richesses compromises ou
419 1276 635 1342 négligées.
712 1338 1545 1398 Le repos fut le grand ennemi du Président
421 1398 1646 1466 Roosevelt. Il n'était pas capable de repos. Quand il quitta
419 1479 1624 1530 la Présidence, il était trop jeune, trop vigoureux pour être
421 1536 1589 1605 inactif ; trop sensible pour rester spectateur indifférent
421 1600 1644 1664 de la conduite de ses successeurs. Il commença par se lancer
423 1666 1664 1737 dans le continent africain. Je ne sais trop si la vie intense
423 1741 1624 1799 qu'il y mena et ses chasses retentissantes au lion, à l'élé-
423 1805 1604 1871 phant, furent compatibles avec les méditations qui devaient
419 1861 1644 1940 être le fruit de mon expérience du pouvoir et de sa retraite ;
