1741 2197
833 137 943 192 - 5 -
293 234 1629 298 pour les uns, le plus petit nombre, cesser de vivre en privilégiés
289 305 1554 357 pour les autres se remettre au travail, sous un déluge d'impôts
291 367 1590 426 à payer. Heureusement la nature veut vivre et tout, à la longue,
291 432 1550 490 se réparera, s'arrangera, tant bien que mal. Quoiqu'il arrive,
293 505 1555 567 Paris sera difficilement plus en train que pendant ces fêtes du
291 573 569 624 Jour de l'An.
571 627 1572 692 Et notez bien que toute cette gaieté n'empêche pas
291 699 1596 761 les gens de penser ; au contraire, mais on ne se fait pas d'illu-
291 763 1515 827 sions ; on parle, sans grand espoir, des ouvertures de paix du
295 833 1612 902 Président Wilson ; on se félicite de voir le Général Joffre, honoré
291 902 1592 964 et récompensé, faire place à des généraux plus jeunes. On se dit
289 970 1572 1023 qu'il ne faut pas faiblir de peur que la guerre, mal achevée, ne
291 1038 1570 1096 recommence plus terribleXXXX encore ; - on se dit tout cela et on
293 1105 1548 1168 vit, parce qu'il faut vivre pour ceux qui viendront après nous.
782 1199 1367 1263 Votre affectueusement dévoué,
806 1261 1548 1343 ££ ££ ££
153 1363 267 1446 P.S, -
295 1398 1528 1451 une dizaine de sièges sur quarante, sont devenus vacants, par
492 1354 1587 1420 Encore un symptôme à noter de la reprise des habitudes :
293 1437 1607 1492 décès, à l'Académie Française. Les candidats affluent pour ne pas
291 1471 1555 1525 manquer cette aubaine inouïe ; et c'est à qui, dans les discours,
293 1499 1627 1561 dans les journaux encensera les académiciens survivants, célébrera
291 1537 1585 1589 les vertus de la réaction, flétrira les faiblesses de la Républi-
293 1574 1579 1618 que, du socialisme et du pacifisme. Ne nommons personne, mais ce
291 1600 1599 1655 petit fait contribue à vous expliquer la recrudescence de sévérité
293 1640 1543 1700 qui se fait sentir contre nos idées dans les journaux mondains,
289 1666 969 1731 les seuls qu'on lise à l'étranger.
1066 1711 1138 1849 ££
146 2015 951 2092 à Monsieur le Président N.Murray BUTLER.
480 2098 571 2164 N.Y
