1745 2197
886 115 1005 188 - 5 -
432 252 1574 322 l’injustice. Mais en ce moment ses boutades de polémiste
432 333 1556 382 peuvent indisposer nos amis, jeter le trouble dans leurs
432 399 1598 446 esprits, les détourner du but de conciliation et de sacri-
433 461 1614 521 fice qui doit être le leur et le nôtre. N’oublions pas que
430 527 1613 582 les Gouvernements des grands Etats ne sont que trop enclins
430 595 1574 642 à dominer ou à ignorer les petits. Cela est si vrai,- je
433 657 1572 719 vous le dis pour rétablir l’équilibre,- que Ll€oy€d George
432 725 1527 785 et le Président Wilson, plus politique qu’on ne pense,
432 796 1613 847 laissent volontiers Clemenceau assumer pour eux l’impopula-
428 862 1532 909 rité d’un impérialisme qui ne peut être, chez nous, que
430 930 1625 981 d’apparence, tandis qu’il serait chez eux autrement profond.
424 990 1497 1054 Les deux orgueils, anglais et américain, sont, en fait,
426 1060 1647 1116 beaucoup plus durs pour les petits Etats que l’intransigeance
426 1125 1572 1184 verbale de Clemenceau. Il est plus éloigné d’eux, sur ce
426 1186 1585 1243 point, que de Bourgeois. Et c’est pourquoi je voudrais le
426 1257 1528 1320 voir, plus habile, rallier autour de la France tous les
424 1329 1589 1380 peuples faibles dont la cause est par excellence, comme la
424 1387 1604 1450 nôtre, celle du Droit. Ce serait le plus sûr moyen de nous
424 1453 1343 1515 assurer et de conserver le respect des grands.
933 1547 1517 1614 Votre affectueusement dévoué,
241 1774 1179 1847 à Monsieur le Président Nicholas Murray BUTLER,
640 1854 856 1927 NEW-YORK.
241 1971 433 2032 1 annexe.
