1755 2197
895 89 1000 142 - 2 -
298 214 1546 281 sera la victoire, on examine raisonnablement ce que devra être
302 287 1542 351 le lendemain de la guerre pour qu'elle ne recommence pas. Les
302 357 1586 413 uns, les chauvins, préconisent des conquêtes ; ceux-là sont ££t££ou-
305 411 1573 487 jours les mêmes ; je n'y reviens pas ; les autres des garanties,
304 488 1509 549 des précautions, ce sont les sages ; ils seront plus nombreux
304 551 1551 618 peut-être et plus fermes qu'avant la guerre. Leur langage n'a
304 627 1568 682 pas la faveur et la publicité des grands journaux, mais il cor-
309 693 1531 754 respond exactement au sentiment de l'immense majorité du pays
305 761 1542 816 que la guerre prolongée démocratise de plus en plus. Et puis,
309 829 1586 878 il a surtout cet avantage d'éveiller les initiatives timides, de
309 897 1172 957 stimuler les conversations ou les imitations.
571 950 1511 1012 "LA LIGUE des DROITS de l'HOMME" nécessairement
309 1025 1547 1080 mal vue des gens pensants et de toute la presse mondaine,
307 1080 1591 1149 mais patriote dans l'âme, comme l'ont été nos ancêtres de la Ré-
309 1158 1513 1221 volution Française, s'est réunie ces jours-ci pour mettre la
307 1221 1608 1290 première et très nettement à l'ordre du jour de ses délibérations
313 1294 1031 1354 "les conditions d'une paix durable".
567 1354 1551 1418 Le texte XXXXX ci-joint des résolutions qu'elle a
309 1422 1571 1486 votées se passe de commentaires. Il fait le plus grand honneur
309 1501 1474 1545 à la fermeté d'âme comme à la raison des bons citoyens qui
309 1561 1551 1620 l'ont rédigé, sous la direction éclairée de notre ami, Gabriel
311 1620 1533 1686 SEAILLES, l'un des plus nobles caractères de notre pays et de
309 1688 564 1746 notre temps.
567 1752 1612 1825 Avec une mesure parfaite, le congrès réclame l'ordre
315 1825 1511 1893 international fondé sur la justice. Il n'admet d'autre paix
305 1898 1540 1966 durable que celle du règlement des litiges par le Droit et non
307 1975 1533 2046 par la Force. La société nouvelle reposera sur l'institution
