<?xml version="1.0" encoding="UTF-8"  standalone="yes"?>
<PcGts xmlns="http://schema.primaresearch.org/PAGE/gts/pagecontent/2019-07-15" xmlns:xsi="http://www.w3.org/2001/XMLSchema-instance" xsi:schemaLocation="http://schema.primaresearch.org/PAGE/gts/pagecontent/2019-07-15 http://schema.primaresearch.org/PAGE/gts/pagecontent/2019-07-15/pagecontent.xsd">
  <Metadata>
	<Creator>escriptorium</Creator>
	<Created>2022-07-21T12:03:07.461886+00:00</Created>
        <LastChange>2022-07-21T12:03:07.461907+00:00</LastChange>

  </Metadata>
  <Page imageFilename="FRAD072_12J386_lettre0486_005.jpg" imageWidth="1747" imageHeight="2197">

    

    
    <TextRegion id="eSc_dummyblock_">
    
    
      <TextLine id="eSc_line_9220baec" >
        <Coords points="875,170 873,194 994,188 996,173 992,133 950,148 937,139 935,139 933,139 932,139 875,144 875,170"/>
        <Baseline points="875,170 996,173"/>
        <TextEquiv>
          <Unicode>- 5 -</Unicode>
        </TextEquiv>
      </TextLine>

    
    
      <TextLine id="eSc_line_0f75cbdf" >
        <Coords points="402,309 402,329 1545,325 1547,302 1541,270 1036,274 1030,274 977,263 976,263 780,265 778,265 748,276 747,276 745,276 706,265 705,265 703,265 701,265 699,265 684,276 681,280 553,280 549,278 518,267 516,267 514,267 401,278 402,309"/>
        <Baseline points="402,309 1547,302"/>
        <TextEquiv>
          <Unicode>sculptées un des pans de murs de la grande pièce. Encore </Unicode>
        </TextEquiv>
      </TextLine>

    
    
      <TextLine id="eSc_line_b79d4dd9" >
        <Coords points="404,377 404,395 521,408 523,408 525,408 567,395 569,395 607,408 609,408 611,408 681,395 858,406 860,406 862,406 906,393 911,391 917,393 955,404 957,404 959,406 1069,406 1069,404 1071,404 1096,391 1102,389 1104,391 1120,399 1122,399 1124,399 1186,391 1199,389 1203,391 1225,400 1226,400 1228,400 1323,391 1417,399 1419,399 1421,399 1450,389 1455,388 1459,389 1486,400 1488,400 1490,400 1545,388 1547,367 1540,335 1499,344 1356,336 1325,335 1323,335 1322,335 1316,336 1291,346 402,346 404,377"/>
        <Baseline points="404,377 1547,367"/>
        <TextEquiv>
          <Unicode>intacte et pure, elle a été achetée par un trafiquant qui</Unicode>
        </TextEquiv>
      </TextLine>

    
    
      <TextLine id="eSc_line_65156d5b" >
        <Coords points="404,441 406,472 430,463 1562,465 1565,433 1562,410 1274,400 1272,400 1214,410 759,404 758,404 690,413 423,406 421,406 419,406 402,413 404,441"/>
        <Baseline points="404,441 1565,433"/>
        <TextEquiv>
          <Unicode>l&#39;a déménagée pierre par pierre pour l&#39;expédier, Dieu sait</Unicode>
        </TextEquiv>
      </TextLine>

    
    
      <TextLine id="eSc_line_af99bd60" >
        <Coords points="402,507 402,529 1635,529 1635,499 1629,474 401,477 402,507"/>
        <Baseline points="402,507 1635,499"/>
        <TextEquiv>
          <Unicode>où : Ces marchands de curiosité pour un bon nombre cependant,</Unicode>
        </TextEquiv>
      </TextLine>

    
    
      <TextLine id="eSc_line_1f6b17e0" >
        <Coords points="404,574 404,596 1605,596 1607,567 1605,541 1576,532 1574,532 1573,532 1571,532 1552,541 1551,543 1408,543 1404,541 1373,532 1371,532 1369,532 1367,532 1366,532 1366,534 1356,541 1356,543 402,543 404,574"/>
        <Baseline points="404,574 1607,567"/>
        <TextEquiv>
          <Unicode>avant la guerre, étaient Français ; ils contribuaient à meu-</Unicode>
        </TextEquiv>
      </TextLine>

    
    
      <TextLine id="eSc_line_f3b288a5" >
        <Coords points="406,637 406,664 1605,653 1607,633 1602,604 404,606 406,637"/>
        <Baseline points="406,637 1607,633"/>
        <TextEquiv>
          <Unicode>bler sans doute bien des palais du Nouveau Monde, mais aussi</Unicode>
        </TextEquiv>
      </TextLine>

    
    
      <TextLine id="eSc_line_3211fa24" >
        <Coords points="404,706 404,726 1620,726 1622,699 1616,666 1312,675 1162,671 1019,668 1018,668 1016,668 1014,668 1014,670 1012,670 1010,673 1007,677 922,675 756,670 754,670 659,679 646,679 626,679 432,671 430,671 428,671 402,679 404,706"/>
        <Baseline points="404,706 1622,699"/>
        <TextEquiv>
          <Unicode>de somptueux hôtels à Paris ou de belles maisons de campagne.</Unicode>
        </TextEquiv>
      </TextLine>

    
    
      <TextLine id="eSc_line_557d4f14" >
        <Coords points="404,772 404,790 1644,792 1646,767 1642,743 818,735 816,735 402,746 404,772"/>
        <Baseline points="404,772 1646,767"/>
        <TextEquiv>
          <Unicode>Aujourd&#39;hui, les somptueux hôtels se videront comme les belles</Unicode>
        </TextEquiv>
      </TextLine>

    
    
      <TextLine id="eSc_line_7ed92cec" >
        <Coords points="406,838 406,856 695,865 697,865 785,858 840,854 906,858 981,864 983,864 985,864 987,864 992,860 1003,853 1080,860 1115,862 1117,862 1151,860 1239,853 1270,860 1280,862 1281,862 1283,862 1307,860 1397,851 1439,860 1441,860 1443,860 1444,860 1461,851 1472,860 1474,860 1475,860 1477,862 1576,862 1578,831 1573,807 404,812 406,838"/>
        <Baseline points="406,838 1578,831"/>
        <TextEquiv>
          <Unicode>maisons. Paris, dans cinquante ans, s&#39;il n&#39;est/pas détruit,</Unicode>
        </TextEquiv>
      </TextLine>

    
    
      <TextLine id="eSc_line_fbdac055" >
        <Coords points="404,902 404,930 1507,917 1508,897 1503,865 402,871 404,902"/>
        <Baseline points="404,902 1508,897"/>
        <TextEquiv>
          <Unicode>ou s&#39;il n&#39;est pas peuplé de magasins et d&#39;hôtels-palace </Unicode>
        </TextEquiv>
      </TextLine>

    
    
      <TextLine id="eSc_line_e4a18ed5" >
        <Coords points="406,968 406,994 1602,992 1604,964 1598,937 404,937 406,968"/>
        <Baseline points="406,968 1604,964"/>
        <TextEquiv>
          <Unicode>remplaçant nos habitations particulières, ne sera qu&#39;un lieu</Unicode>
        </TextEquiv>
      </TextLine>

    
    
      <TextLine id="eSc_line_fa227754" >
        <Coords points="406,1034 406,1052 1413,1058 1415,1058 1417,1058 1443,1049 1580,1058 1582,1058 1584,1058 1629,1045 1629,1028 1624,1005 404,1008 406,1034"/>
        <Baseline points="406,1034 1629,1028"/>
        <TextEquiv>
          <Unicode>de passage pour les étrangers, une ex-grande ville, embarras-</Unicode>
        </TextEquiv>
      </TextLine>

    
    
      <TextLine id="eSc_line_672bc776" >
        <Coords points="408,1102 408,1120 1624,1113 1626,1093 1622,1063 1184,1056 1182,1056 1142,1065 1124,1069 1060,1065 910,1058 908,1058 906,1058 904,1058 893,1067 888,1072 818,1072 811,1067 802,1060 800,1060 798,1060 796,1060 759,1067 745,1071 739,1067 730,1061 728,1061 727,1061 725,1061 677,1069 644,1074 472,1074 465,1069 454,1061 452,1061 450,1061 448,1061 406,1069 408,1102"/>
        <Baseline points="408,1102 1626,1093"/>
        <TextEquiv>
          <Unicode>sée de son passé, comme Bordeaux, Nantes et tant d&#39;autres, où</Unicode>
        </TextEquiv>
      </TextLine>

    
    
      <TextLine id="eSc_line_3b327fdb" >
        <Coords points="408,1166 408,1191 1624,1182 1624,1157 1620,1135 419,1133 417,1133 415,1133 413,1133 406,1136 408,1166"/>
        <Baseline points="408,1166 1624,1157"/>
        <TextEquiv>
          <Unicode>les riches maisons dégradées, tombées aux mains des mercanti ,</Unicode>
        </TextEquiv>
      </TextLine>

    
    
      <TextLine id="eSc_line_63b04e87" >
        <Coords points="406,1232 406,1257 1281,1257 1281,1255 1364,1246 1369,1246 1378,1246 1543,1254 1545,1254 1607,1243 1607,1224 1604,1202 1329,1193 1327,1193 1276,1202 1274,1202 1267,1202 1007,1195 1005,1195 404,1206 406,1232"/>
        <Baseline points="406,1232 1607,1224"/>
        <TextEquiv>
          <Unicode>se sont transformées en ateliers et en magasins. Les musées</Unicode>
        </TextEquiv>
      </TextLine>

    
    
      <TextLine id="eSc_line_0cad436a" >
        <Coords points="408,1298 408,1321 1547,1316 1549,1290 1545,1266 1263,1257 1261,1257 1259,1257 1236,1266 1234,1266 1214,1266 992,1259 990,1259 939,1268 930,1270 406,1270 408,1298"/>
        <Baseline points="408,1298 1549,1290"/>
        <TextEquiv>
          <Unicode>particuliers de l&#39;autre côté de l&#39;Océan se rempliront des</Unicode>
        </TextEquiv>
      </TextLine>

    
    
      <TextLine id="eSc_line_bd50c946" >
        <Coords points="408,1365 408,1384 576,1393 578,1393 580,1393 602,1385 607,1384 613,1385 635,1393 637,1393 639,1393 675,1385 686,1384 926,1385 1190,1389 1192,1389 1204,1387 1239,1380 1252,1387 1254,1389 1256,1389 1258,1389 1259,1389 1272,1387 1316,1378 1345,1387 1347,1387 1349,1389 1549,1389 1551,1358 1545,1325 406,1336 408,1365"/>
        <Baseline points="408,1365 1551,1358"/>
        <TextEquiv>
          <Unicode>trésors de nos foyers ; trop heureux encore que ces trésors</Unicode>
        </TextEquiv>
      </TextLine>

    
    
      <TextLine id="eSc_line_c3301ffd" >
        <Coords points="408,1431 408,1455 1607,1451 1609,1426 1605,1402 446,1396 444,1396 443,1396 406,1406 408,1431"/>
        <Baseline points="408,1431 1609,1426"/>
        <TextEquiv>
          <Unicode>n&#39;aient pas été anéantis ! Nos portraits de famille, devenus</Unicode>
        </TextEquiv>
      </TextLine>

    
    
      <TextLine id="eSc_line_98ebe46c" >
        <Coords points="408,1497 408,1525 708,1515 935,1523 998,1525 999,1525 1019,1523 1091,1514 1151,1523 1161,1523 1162,1523 1186,1523 1342,1512 1616,1519 1620,1490 1615,1462 406,1466 408,1497"/>
        <Baseline points="408,1497 1620,1490"/>
        <TextEquiv>
          <Unicode>anonymes, décoreront les palais des milliardaires de Chicago,</Unicode>
        </TextEquiv>
      </TextLine>

    
    
      <TextLine id="eSc_line_dd1b9cc7" >
        <Coords points="406,1561 406,1581 1499,1585 1503,1556 1497,1530 404,1534 406,1561"/>
        <Baseline points="406,1561 1503,1556"/>
        <TextEquiv>
          <Unicode>de Seattle, de Sydney ; nos mères, nos grand&#39;mères qui,</Unicode>
        </TextEquiv>
      </TextLine>

    
    
      <TextLine id="eSc_line_0fa691b9" >
        <Coords points="408,1623 408,1649 1567,1651 1569,1623 1569,1590 408,1590 408,1623"/>
        <Baseline points="408,1623 1569,1623"/>
        <TextEquiv>
          <Unicode>toujours jeunes dans leurs cadres, dans l&#39;atmosphère de la</Unicode>
        </TextEquiv>
      </TextLine>

    
    
      <TextLine id="eSc_line_e313ce68" >
        <Coords points="952,1666 933,1666 926,1666 796,1667 721,1666 470,1660 468,1660 402,1669 404,1695 404,1713 1051,1720 1052,1720 1225,1709 1228,1709 1237,1717 1237,1719 1239,1719 1241,1719 1243,1720 1573,1720 1573,1719 1574,1719 1576,1719 1587,1708 1587,1689 1582,1656 952,1664 952,1666"/>
        <Baseline points="406,1696 1589,1691"/>
        <TextEquiv>
          <Unicode>maison et du pays, €souriaient€ à notre enfance et à l&#39;enfance </Unicode>
        </TextEquiv>
      </TextLine>

    
    
      <TextLine id="eSc_line_5993c6d0" >
        <Coords points="811,1678 957,1677 959,1666 955,1636 835,1638 814,1629 813,1662 811,1678"/>
        <Baseline points="814,1664 961,1667"/>
        <TextEquiv>
          <Unicode>££</Unicode>
        </TextEquiv>
      </TextLine>

    
    
      <TextLine id="eSc_line_d6719416" >
        <Coords points="408,1761 410,1788 457,1777 510,1786 512,1786 514,1786 516,1786 531,1777 578,1786 580,1786 582,1788 739,1788 739,1786 741,1786 745,1785 761,1777 899,1783 996,1786 998,1786 1060,1781 1122,1775 1179,1779 1252,1785 1254,1785 1501,1775 1519,1775 1521,1775 1551,1785 1552,1785 1554,1785 1556,1785 1591,1774 1591,1757 1587,1733 1096,1722 1095,1722 1093,1722 1067,1731 1019,1722 1018,1722 1016,1722 990,1733 673,1724 672,1724 670,1724 633,1733 609,1724 607,1724 606,1724 545,1733 509,1724 507,1724 505,1724 406,1735 408,1761"/>
        <Baseline points="408,1761 1591,1757"/>
        <TextEquiv>
          <Unicode>de nos enfants et les encourageaient à bien vivre, à croire </Unicode>
        </TextEquiv>
      </TextLine>

    
    
      <TextLine id="eSc_line_6c2dcb2c" >
        <Coords points="412,1827 412,1854 1609,1845 1611,1818 1607,1790 651,1790 650,1790 556,1799 448,1792 446,1792 444,1792 410,1801 412,1827"/>
        <Baseline points="412,1827 1611,1818"/>
        <TextEquiv>
          <Unicode>que rien n&#39;est perdu et que bon sang ne peut mentir, - souri-</Unicode>
        </TextEquiv>
      </TextLine>

    
    
      <TextLine id="eSc_line_421a3768" >
        <Coords points="408,1891 408,1911 1681,1915 1682,1885 1679,1861 1457,1850 1455,1850 1318,1860 1280,1850 1278,1850 1276,1850 1274,1850 1272,1850 1254,1861 888,1852 886,1852 827,1863 516,1854 514,1854 406,1865 408,1891"/>
        <Baseline points="408,1891 1682,1885"/>
        <TextEquiv>
          <Unicode>ront à des étrangers. Leurs doux visages n&#39;auront plus personne</Unicode>
        </TextEquiv>
      </TextLine>

    
    </TextRegion>
    
  </Page>
</PcGts>
