1755 2197
763 120 1069 203 LETTRE N°169.
172 217 417 314 SÉNAT
1058 219 1590 276 PERROS-GUIREC, Août 1916.
586 377 1234 457 LA FRANCE HABITUÉE à la GUERRE.
884 518 1220 580 Mon cher Butler,
586 675 1536 739 Une guerre prolongée m’avait toujours semblé ne
331 750 1575 818 pouvoir être qu’un mal. Deux années d’expérience m’apprennent
333 818 1590 875 qu’elle présente aussi beaucoup d’avantages pour bien des gens,
335 878 1612 948 - (sans parler des neutres) – et pour les seuls pays belligérants.
335 946 1555 1008 Je m’explique maintenant qu’il se soit établi si profondément
335 1014 1538 1072 une tradition en faveur de cette monstruosité, et je prévois
335 1089 1635 1140 comment et pourquoi la vieille erreur que nous croyions condamnée
337 1149 1575 1212 pourra survivre à la guerre actuelle. Beaucoup de malheureux,
337 1224 1599 1281 certes, y auront perdu, mais, parmi ceux-là, les uns, les meil-
337 1279 1634 1351 leurs, auront disparu, les autres seront sans force, inorganisés,
337 1351 1582 1407 accablés de travail, muets de chagrin, tandis qu’un plus petit
335 1413 1619 1479 nombre, enrichis ou enorgueillis du deuil général, resteront une
340 1477 1641 1541 réclame vivante et agissante pour la guerre. Non seulement ceux-
338 1545 1621 1605 là devront eux-mêmes à la guerre tout ce qu’ils seront, mais ils
338 1614 1584 1669 feront souche ; ils feront école ; leur succès passé orientera
340 1682 1621 1742 l’avenir de leurs enfants et de leurs émules. Toute la considé-
344 1757 1604 1823 ration, tous les avantages, tout l’orgueil qu’ils auront gagnés
199 1885 1007 1944 à Monsieur le Président N.Murray BUTLER.
