1725 2197
937 140 1269 194 10 Juillet 1916
485 296 1287 371 I° LA FRANCE PACIFIQUE AVANT LA GUERRE.
366 461 1585 534 La France a conquis une autorité morale d'autant plus grande,
289 540 1569 600 aux yeux du monde et à ses propres yeux, qu'elle était profondé-
285 606 1529 668 ment attachée à la paix, avant la guerre. Elle a cru, de bonne
291 670 1549 734 foi, - sans rien oublier du passé dont elle attendait fermement
292 728 1551 794 la réparation par le Droit, - que les conflits entre les nations
287 798 1587 862 devaient et pourraient se régler de plus en plus par la concilia-
289 871 1510 926 tion ou par la Justice. Elle a donné maintes preuves de cette
287 926 1532 1001 conviction au cours des dernières années. Elle y a confirmé sa
287 997 1549 1067 conduite. Il est vrai qu'on a abusé de sa bonne foi ; mais c'est
289 1072 1527 1136 son honneur et sa force aujourd'hui. Elle a été surprise, mais
285 1136 1547 1195 dans la sincérité de son effort pacifique. C'est aujourd'hui un
285 1204 1585 1266 des motifs de sa volonté unanime de repousser jusqu'à la victoire
283 1270 1527 1331 définitive la guerre qu'elle n'a pas cherchée, qu'elle n'a pas
285 1338 1525 1400 voulue et dont la responsabilité retombe toute entière sur ses
283 1395 1562 1470 ennemis. Quant à sa préparation militaire, loin de s'en désinté-
283 1468 1507 1547 resser, le Parlement n'a jamais refusé un crédit demandé pour
285 1537 716 1607 la défense nationale.
