1742 2197
881 115 998 170 - 5 -
331 230 1432 305 du fini contre l'infini ; de l'ombre contre la lumière.
624 305 1254 373 N'en parlons plus et attention.
624 369 1577 441 Nos sacrifices prolongés sont immenses ; chaque
335 435 1633 508 jour c'est un deuil nouveau, une saignée plus lamentable ; chacun
333 508 1555 574 de nos enfants sacrifié emporte avec lui l'héritage d'un long
333 580 490 638 passé!:
549 644 1494 704 "Et je puis voir répandre un sang si précieux !
551 701 1492 768 "Et je laisse avec lui périr tous ses aïeux !"
333 772 1533 838 Toute la tragédie humaine est résumée dans cette guerre ! et
335 849 1575 902 cependant, le plus humble de nos soldats revenant chez moi, de
335 906 1516 966 Verdun, en permission, me ferait rougir de honte si j'osais
333 979 1595 1038 faiblir devant lui.... Ces jeunes gens de vingt-trois ans, que
329 1041 1611 1103 nous avons vus blessés à Créans, au début de la guerre, ceux qui
335 1102 1555 1173 survivent, sont devenus des vétérans.... et des/héros, sans le
333 1173 1591 1230 savoir. Mourir pour eux n'est plus rien. Ils s'oublient tota-
335 1239 1613 1305 lement. Déjà ils n'existent plus que pour l'avenir.... eux, des
335 1309 1610 1362 enfants ! Vaincre, voilà leur seul but, leur seule pensée. Vain-
335 1376 1536 1439 cre pour qui ? Pour eux-mêmes ? Non, pour le pays, pour la
335 1440 765 1501 justice, pour l'idée!
587 1497 1637 1565 J'admets que nous aurons encore bien des difficultés,
335 1570 1611 1625 des revers même, - nous sommes prêts à tout : mais ce qu'il faut
335 1633 1553 1697 savoir, c'est que le moindre succès suffira pour soutenir les
333 1704 1588 1768 courages, les exalter ; que dis-je, les pousser jusqu'à l'abné-
329 1764 958 1834 gation volontaire et fanatique.
630 1829 1546 1898 Et ce qui est vrai pour la France l'est aussi,
329 1894 1593 1966 maintenant, pour l'Angleterre, l'Empire britannique tout entier
