1751 2197
870 126 990 177 - 5 -
320 227 1562 289 longuement avec lui depuis la guerre. Je m'intéresse peu aux
318 298 1562 355 réf/lexions de ceux de nos hommes d'élite qui ont eu besoin de
320 364 1538 422 la guerre pour découvrir ce qu'ils nous accusent d'avoir com-
318 428 1525 483 pris avant eux. Mais, j'ai lu parfois ou parcouru quelques-
318 492 1542 547 uns de ses nombreux articles souvent très-brillants et pleins
318 554 1533 622 d'idées personnelles ou non. Je m'attendais à son évolution.
320 629 1503 692 Elle est venue plus complète, plus vite que je ne pensais, -
305 703 1501 757 (Malgré les réserves qu'il doit à son public du Figaro, pour
316 763 1556 814 ne pas trop détonner) et nous somme bien récompensés aujourd'
316 827 1558 884 hui de lui avoir fait crédit. Ne manquez pas de le féliciter.
322 889 1534 959 Il pourra dire de moi tout ce qu'il voudra, il dit comme moi,
318 961 1360 1023 c'est l'essentiel. Je ne lui en demandais pas tant.
573 1023 1600 1093 Le voilà qui, maintenant, préconise à peu près tout
316 1087 1556 1157 ce qu'on nous accusait de rêver quand nous voulions épargner à
316 1164 1576 1221 la civilisation les hécatombes et les ruines qui la déshonorent
315 1221 628 1288 et la désolent.
554 1287 1516 1349 Lui aussi, réclame, comme jadis Léon Bourgeois à
316 1360 1556 1426 La Haye, une "Société des Nations". Il réclame, comme Auguste
316 1424 1558 1490 Lalance, une "Europe nouvelle". Il parle du "désarmement", de
322 1484 1558 1556 "l'arbitrage" et enfin du point capital : "l'organisation de la
315 1561 1575 1620 paix". Je crois m'entendre, il y a dix ans, quand il suffisait
313 1625 1498 1691 de prévoir et de prévenir tout le sang qui coule à présent !
316 1688 1589 1755 Il réclame, lui aussi, une institution internationale universel-
311 1763 1575 1821 le : les Etats-Généraux du monde, un parlement international, un
309 1829 1542 1893 parlement universel : que dis-je ? Un gouvernement universel,
