1758 2197
836 109 957 157 - 6 -
287 219 1633 294 telle, - (malgré la paix inimaginable du Gouvernement allemand avec
285 303 1655 362 l’Ukraine et la démobilisation complète russe,) que le Gouvernement
283 371 1554 435 allemand se résigne à signer une paix générale acceptable. Une
287 435 1651 518 question restera à régler: celle des garanties de cette paix ; celle
287 508 1638 567 €€ des sanctions que devra prendre la Société des Nations qui se
287 573 1488 624 forme contre violation toujours à craindre de cette paix.
604 640 1637 701 Quelles sanctions entrevoyons-nous, non pour répri-
285 706 1615 772 mer mais pour prévenir cette violation ? C’est là ce que tout le
283 770 1613 827 monde a réclamé jusqu’ici en vain, - mais ce qui s’élabore pourtant
285 844 1615 908 peu à peu, sous la leçon douloureuse des événements. On entrevoit
287 913 1653 966 quatre degrés de sanctions successives vraiment impressionnantes pour
285 966 1514 1036 l’Etat qui voudrait de nouveau nuancer la paix : les sanctions
283 1039 1554 1103 diplomatiques et les sanctions juridiques, toutes deux aisément
285 1103 1593 1171 applicables par décisions gouvernementales ; les sanctions écono-
283 1180 1611 1232 miques, dont l’organisation exige le complet accord et la coopéra-
283 1237 1607 1310 tion des contractants, et qui, moyennent cette organisation diffi-
282 1312 1593 1376 cile, il est vrai, mais non impossible, pourront être tout à fait
283 1380 1569 1451 efficaces ; enfin, et, en dernier ressort, bien entendu, et à la
269 1446 1571 1504 dernière extrémité qu’il faut prévoir, les sanctions militaires.
287 1497 1666 1578 ££J’££avoue que, pour ma part, je ne croyais pas beaucoup à ces dernières
280 1578 1607 1640 sanctions : je les redoutais comme un danger, peut-être plus grand
280 1647 1616 1711 que le mal ; je le vois pour s’ébaucher dans notre Commission,
280 1713 1507 1772 avec une précision et une clarté inespérées, et avec toute la
280 1781 1527 1836 prudence nécessaire, sur la proposition même de nos distingués
280 1836 1009 1913 collègues du Ministère de la Guerre.
598 1907 1549 1984 Pour m’en tenir à nos sanctions économiques, la
