1758 2197
846 113 988 175 - 12 -
333 247 1543 316 Nation Armée et par conséquent la démocratie, qui a sauvé la
336 316 490 384 France.
635 382 1622 452 Ainsi se propage aux Etats-Unis la grande erreur,
336 463 1622 514 qui nous a coûté si cher dans le passé, le fétichisme de l’offi-
336 525 1646 584 cier de carrière et de l’armée professionnelle, anachronisme con-
333 589 1653 648 damné chez nous et dont on voudrait faire chez vous une nouveauté,
335 655 1629 725 une carrière : la carrière militaire aux Etats-Unis !! Cela est
336 725 1644 781 si vrai que vos journaux, inspirés des nôtres, tous dépendant des
333 789 1664 847 nouvelles que leur donnent nos cercles militaires et mondains, ont
335 865 1662 926 commencé, plus ou moins ouvertement, leur campagne odieuse, parti-
335 931 1585 988 culièrement dans le Nouveau-Monde, contre la vraie armée d’une
336 992 1624 1056 démocratie, celle qui fut victorieuse de l’Europe entière sous la
335 1060 1622 1122 Révolution française. Ils ont poussé leur mystification jusqu’à
336 1135 1604 1201 vouloir vous dégoûter de vous-même, c’est-à-dire du peuple, de
333 1197 1642 1261 la nation, des troupes et des officiers de réserve, et même de la
333 1263 1543 1327 justice civile. ££I££ls ont eu beau jeu ; chaque pays maudissant
331 1338 1638 1395 plus ou moins ses juges ; mais la justice civile est tout de même
331 1404 1563 1470 un grand progrès sur les exécutions sommaires des Conseils de
333 1473 1519 1526 guerre. A défaut des victoires qu’elle nous promettait, la
331 1536 1622 1596 presse sensationnelle cherches des diversions et des occasions de
329 1596 1675 1666 revanche ; elle nous pousse, sous prétexte de discipline et de pré-
331 1664 1675 1741 caution€.€ contre les abus de la liberté,à réhabiliter les pires abus
329 1741 1616 1803 du militarisme. Et la voici qui veut convertir la France et ses
327 1805 1682 1872 Alliés aux plus lamentable reculs. C’est avec une grande tristesse
