1748 2197
864 120 974 173 - 8 -
284 245 1550 313 à commencer par la richesse générale et l’activité persistante,
284 324 720 380 malgré tout, du pays.
566 389 1612 455 J’accompagnais récemment au front nos collègues d  es
285 446 1572 512 Parlements coloniaux britanniques, canadiens,  australiens, afri-
287 519 1570 576 cains. C’était le mois dernier, en Juillet. Ils étaient stupé-
287 584 1491 648 faits de voir, depuis Paris jusqu’à nos tranchées au nord de
284 642 1529 717 Compiègne, les récoltes préparées comme en temps de paix, sym-
284 715 1586 783 bole de paix et de prospérité, en pleine guerre ! Je n’oublie pas
282 785 1480 842 que sur un grand nombre de points du front tout est dévasté,
282 838 1599 917 par le bombardement, par le ravage des explosions, du fer, du feu,
280 917 1564 988 du poison ; je ne parle pas, bien entendu, des régions où la ba-
282 984 1562 1052 taille a fait fureur comme à Verdun, comme en Champagne, comme à
284 1049 1562 1120 Soissons, à Arras, dans le Nord ; mais l’étonnant est que paral-
278 1113 1498 1182 lèlement à ce formidable service de destructions de la guerre,
278 1182 1522 1250 les chemins de fer continuent de faire leur service de paix et
276 1241 1520 1320 plus que jamais ; double service, pour les soldats et pour les
278 1305 1562 1389 voyageurs, pour les armées et pour l’intérieur du/pays. Ces deux
276 1374 1542 1453 services, contradictoires au début, se sont conciliés ; les che-
274 1442 1599 1519 mins de fer assurent à la fois, avec la même régularité, la guerre
274 1508 1537 1585 et la paix, la mort et la vie. Leurs recettes dépassent celles
274 1572 1550 1645 des années de paix. Il y a deux horaires juxtaposés maintenant,
274 1645 1546 1717 celui des armées, celui du public ; tous deux marchent ensemble,
274 1713 1553 1779 font très bon ménage, comme s’ils devaient durer toujours. C’est
273 1775 1493 1849 à peine si l’on fait attention aujourd’hui au va et vient des
269 1843 1566 1933 militaires, des blessés, des convalescents, des permissionnaires ;
