1745 2197
880 120 979 179 - 7 -
545 221 1569 285 Quoi qu’il en soit, et j’y insiste, si l’argent ou-
285 291 1589 347 vertement gagné par un entrepreneur peut apparaître plus ou moins
289 351 1591 413 au grand jour, il en sera autrement des profits qu’il aura susci-
291 426 1613 485 tés autour de lui, lesquels profits se cumulent ont fréquemment avec
291 487 1607 552 des salaires exceptionnels, avec des allocations journalières tou-
292 558 1532 615 chées par la femme, les enfants d’un contribuable mobilisé, ou
289 620 1490 677 encore avec des exemptions d’impôts, de loyers, etc… etc…
296 684 1591 754 Quantité de femmes son matériellement plus à leur aise depuis la
289 756 725 814 guerre qu’auparavant.
573 818 1495 882 Voilà, en tout cas, beaucoup d’argent gagné et
292 880 1554 952 répandu sur le pays en poussière de bénéfices de guerre ; et cet
294 952 1574 1008 argent, il sera d’autant plus difficile au Trésor de le récupérer
292 1021 1516 1083 directement qu’il se sera plus largement dépensé et changé en
292 1094 1497 1157 bien-être. Là est le danger : le bien-être de la guerre. La
294 1160 1594 1212 preuve que beaucoup d’argent a été gagné, c’est qu’on en X dépen-
292 1230 1514 1287 sé partout. Au début de la guerre, pendant quelques mois, le
292 1283 1393 1351 pays a senti la gêne, mais à présent c’est autre chose.
571 1349 1556 1415 Depuis longtemps je constate la reprise d’une in-
296 1417 1497 1482 tense circulation de nos chemins de fer. C’est à ne pas le
296 1486 1594 1543 croire, mais c’est ainsi. On n’a jamais tant voyagé, et par con-
296 1556 1574 1607 séquent tant dépensé. Tout d’abord j’ai mis ce mouvement extra-
294 1616 1576 1680 ordinaire sur le compte des soldats et des blessés allant et ve-
294 1686 1572 1741 nant gratuitement du front à l’intérieur, et sur le compte aussi
296 1750 1576 1816 des familles des soldats et des blessés ; mais non, l’erreur est
294 1812 1534 1893 devenue impossible. On voyage beaucoup parce qu’on a beaucoup
296 1880 1585 1962 d’argent. Et d’où vient cet argent ? Des fournitures militaires,
292 1946 1629 2032 des réquisitions ? Sans doute, mais de beaucoup d’autres sources ;
