1745 2197
911 137 1001 192 - 5 -
311 259 1591 320 certes et avant tout que les misérables qui ont déclaré la guer-
314 331 1552 386 re soient punis. Mais un châtiment devra suivre, en outre, pour
313 400 1527 463 ceux qui l’auront fomentée et exploitée, quels qu’ils soient.
589 465 1569 529 Si la guerre laisse les belligérants dans un état
311 525 1589 595 de lassitude matérielle et morale telle qu’il n’y ait pas plus de
316 591 1591 662 justice après qu’avant la guerre, le grand crime sera couvert et
307 657 820 725 par conséquent encouragé.
585 726 1585 794 En Allemagne, il n’y aura pas de paix possible si,
307 790 1510 854 par un misérables respect de scrupules dynastiques, le peuple
307 862 1569 928 allemand doit conserver le Gouvernement qui l’a sacrifié folle-
305 928 1549 992 ment en déclarant la guerre à ses voisins, s’il est condamné à
307 994 1567 1063 rester dans l’avenir un troupeau passif, indifféremment victime
307 1050 1549 1120 ou bourreau. Que nos alliés ne s’y trompent pas, ce n’est pas
307 1116 1543 1195 en maintenant sur le trône allemand le Kronprinz maudit qu’ils
305 1182 1527 1259 soutiendront le prestige du régime impérial. La dynastie des
305 1255 1525 1318 Hohenzollern doit être condamnée moins par ses vainqueurs que
302 1327 1527 1393 par des juges ; et de même celle des Habsbourg, celle du Tzar
303 1385 1583 1461 de Bulgarie, du Sultan de Constantinople. Ces condamnations de-
305 1451 1583 1519 vront être prononcées non militairement, mais par le Tribunal de
322 1515 1594 1594 La Haye, création du Tzar de Russie, transformé en haute cour de
303 1589 1560 1658 Justice criminelle. Cette première sanction internationale ob-
302 1649 1541 1722 tenue, la conscience publique, dans chacun des pays qui auront
300 1722 1503 1792 souffert de la guerre, réclamera la seconde sanction d’ordre
303 1779 1503 1858 intérieur ; c'est-à-dire le châtiment de quiconque aura fait
298 1850 1536 1933 obstacle à l’œuvre normale de la paix pour exploiter l’œuvre
296 1918 809 1984 monstrueuse de la guerre.
