1747 2197
889 102 1010 161 - 4 -
591 227 1681 305 I°.- Que va devenir le trésor d'art que représentait
421 305 1659 364 le sol français ? Je ne parle pas de ce qui a été détruit, des
421 367 1576 430 cathédrales, des églises, des palais, des hôtels de Ville,
421 432 1562 496 des maisons particulières, autant de joyaux qui faisaient
424 497 1664 573 revivre le passé et n'existent plus. Je parle seulement de ce
423 565 1541 637 que la France de l'arrière avait eu la chance de sauver.
424 629 1585 697 Nous allons voir, nous voyons déjà les marchands de curio-
424 699 1567 759 sité, bazarder et emporter, je ne sais où, tout ce qu'ils
424 767 1626 827 peuvent profiter de la guerre pour nous acheter. Les objets
423 838 1626 893 les plus précieux ont perdu pour nous de leur valeur person-
424 897 1569 961 nelle. On les vend soit parce que nous avons été si près
424 970 1607 1027 de les perdre qu'on n'a plus le droit de compter qu'on peut
423 1036 1607 1091 les garder ; soit parce qu'on a besoin d'argent ; soit parce
426 1094 1607 1162 qu'on se détache plus aisément de ce qui faisait auparavant
424 1160 1591 1219 le charme de la vie. Chacun est tenté de vendre ses vieux
424 1224 1648 1288 meubles, ses tableaux de famille, ses reliques ; on n'imagine
424 1294 1552 1358 pas jusqu'où pénètrent les marchands de curiosité. Déjà
423 1360 1629 1420 même avant la guerre, on les voyait dans nos campagnes visi-
428 1426 1649 1484 ter jusqu'aux moindres fermes, sur la désignation d'un voisin
428 1490 1591 1550 ou d'un tapissier de la ville. Je connaissais dans un des
428 1558 1629 1623 cantons de la Sarthe, (canton de Beaumont), une petite ferme
428 1631 1629 1691 perdue, jadis abbaye ou gentilhommière, où se trouvait, dans
428 1693 1591 1750 la cuisine, une cheminée gothique monumentale de la fin du
426 1752 1613 1816 Moyen Age. Cette cheminée était un symbole de la vie inté-
430 1823 1651 1887 rieure de cette époque, toute en finesse, en grâce, en esprit
432 1896 1536 1957 et en audace. Elle ornait de ses nervures adorablement
