1747 2197
825 113 946 177 - 3 -
349 208 1598 280 d’être criminel, il veut faire de Dieu son complice ; un de ces
351 287 1598 346 jours, il nous dira qui n’est pas responsable puisqu’il s’en
357 347 1574 417 était remis à la volonté de Dieu…… ; Dieu se sera trompé,
353 417 1651 477 voilà tout. En réalité, la religion de Guillaume II est, au fond,
355 483 1638 547 inférieure à celle de tous les conquérants, c’est la religion de
355 551 1638 611 son ambition ; mais c’est un conquérant inférieur par la bassesse
351 616 1580 671 des comédies qu’il donne. ALEXANDRE le GRAND ne dai-
353 682 1600 743 gnait même pas rentrer en Grèce. Napoléon Ier ne jouait pas la
353 745 1611 812 comédie : il enfermait le pape et faisait la guerre ouvertement,
355 818 1637 878 en se flattant de continuer l’œuvre de la Révolution contre les
357 882 1598 946 ennemis de la France ; il ne parlait ni de Dieu ni de la paix :
357 948 1620 1006 il comptait sur sa volonté à lui, et n’engageait que sa respon-
355 1010 1600 1083 sabilité. Guillaume II, au contraire, chante à la fois la paix
358 1085 1580 1144 et la guerre. Quand les choses tournent bien pour lui, il est
358 1162 1638 1210 JUPITER lui-même ; si elles tournent mal, il pleurniche. Il a re-
358 1226 1616 1285 cours à Dieu ; il l’invoque à son service et non pour le servir ;
357 1288 1618 1352 il le mobilise ; il le fait parler pour lui : c’est son esclave !
355 1349 1657 1415 et il l’implore !..... Et c’est ici que l’on peut mesurer le trou-
358 1428 1622 1482 ble mental de l’empereur et le désarroi de son Gouvernement. Ce
355 1481 1620 1550 désarroi n’est pas encore complet, mais il est déjà très sensi-
355 1559 1622 1611 ble. €€ C’est l’effondrement pro-
355 1623 1618 1680 chain du militarisme allemand. Comment en serait-il autrement ?
355 1688 1611 1744 Voir les anglais implacablement progresser sur Ypres, sur Lens,
357 1750 1598 1818 tandis que nous, Français, avons reconquis une part de nos ré-
355 1819 1618 1885 gions occupées, sur la Somme et l’Aisne ; voir Verdun non seule-
353 1885 1640 1946 ment résister, mais répondre aux armées du Kronprinz par des at-
357 1960 1659 2013 taques victorieuses ; voir les Italiens habilement menacer et cre-
355 2026 1638 2090 ver la ligne des autrichiens ; voir les roumains et les russes se
