<?xml version="1.0" encoding="UTF-8"  standalone="yes"?>
<PcGts xmlns="http://schema.primaresearch.org/PAGE/gts/pagecontent/2019-07-15" xmlns:xsi="http://www.w3.org/2001/XMLSchema-instance" xsi:schemaLocation="http://schema.primaresearch.org/PAGE/gts/pagecontent/2019-07-15 http://schema.primaresearch.org/PAGE/gts/pagecontent/2019-07-15/pagecontent.xsd">
  <Metadata>
	<Creator>escriptorium</Creator>
	<Created>2022-07-21T12:03:07.012652+00:00</Created>
        <LastChange>2022-07-21T12:03:07.012674+00:00</LastChange>

  </Metadata>
  <Page imageFilename="FRAD072_12J384_lettre0175_003.jpg" imageWidth="1748" imageHeight="2197">

    

    
    <TextRegion id="eSc_dummyblock_">
    
    
      <TextLine id="eSc_line_524469b6" >
        <Coords points="850,153 850,170 961,166 961,150 956,113 848,117 850,153"/>
        <Baseline points="850,153 961,150"/>
        <TextEquiv>
          <Unicode>- 3 -</Unicode>
        </TextEquiv>
      </TextLine>

    
    
      <TextLine id="eSc_line_c5e67d65" >
        <Coords points="335,250 335,272 1592,269 1594,247 1588,219 1306,223 1284,217 1262,212 1260,212 1258,212 1256,212 1244,217 1231,223 1167,217 1126,214 1125,214 1086,217 1022,223 993,217 971,212 969,212 967,212 965,212 960,216 945,227 852,227 773,216 747,214 745,214 743,214 742,214 740,216 727,225 698,216 690,214 688,214 687,214 657,216 555,225 500,216 487,214 485,214 483,214 478,216 447,225 434,216 434,214 432,214 430,214 428,214 333,214 335,250"/>
        <Baseline points="335,250 1594,247"/>
        <TextEquiv>
          <Unicode>de l&#39;arbitrage obligatoire et sans réserves, sur l&#39;organisation</Unicode>
        </TextEquiv>
      </TextLine>

    
    
      <TextLine id="eSc_line_6184cca0" >
        <Coords points="335,316 335,342 1498,344 1500,316 1498,287 335,291 335,316"/>
        <Baseline points="335,316 1500,316"/>
        <TextEquiv>
          <Unicode>des pouvoirs et des sanctions internationales nécessaires.</Unicode>
        </TextEquiv>
      </TextLine>

    
    
      <TextLine id="eSc_line_95c216b7" >
        <Coords points="337,448 337,476 1595,472 1597,452 1597,426 337,422 337,448"/>
        <Baseline points="337,448 1597,452"/>
        <TextEquiv>
          <Unicode>de l&#39;éducation et à ceux de la démocratie ; au respect de la li-</Unicode>
        </TextEquiv>
      </TextLine>

    
    
      <TextLine id="eSc_line_14157278" >
        <Coords points="599,382 597,408 791,413 793,413 795,413 809,408 820,404 837,408 864,413 866,413 868,413 884,408 897,404 908,408 928,413 930,413 932,413 971,408 991,404 996,408 1004,413 1005,413 1007,413 1159,415 1161,415 1212,406 1220,406 1227,406 1295,415 1297,415 1341,406 1343,406 1344,406 1366,415 1368,415 1370,415 1372,415 1398,406 1429,415 1431,415 1432,415 1434,415 1436,415 1451,406 1476,415 1478,415 1480,415 1557,404 1559,386 1557,355 599,349 599,382"/>
        <Baseline points="599,382 1559,386"/>
        <TextEquiv>
          <Unicode>Il n&#39;oublie pas que la paix est liée aux progrès</Unicode>
        </TextEquiv>
      </TextLine>

    
    
      <TextLine id="eSc_line_220ef219" >
        <Coords points="337,516 337,541 1599,540 1601,521 1599,494 337,488 337,516"/>
        <Baseline points="337,516 1601,521"/>
        <TextEquiv>
          <Unicode>berté conscience, à la reconnaissance des droits de la femme et</Unicode>
        </TextEquiv>
      </TextLine>

    
    
      <TextLine id="eSc_line_961dfeff" >
        <Coords points="439,487 439,512 496,501 496,485 491,463 437,463 439,487"/>
        <Baseline points="439,487 496,485"/>
        <TextEquiv>
          <Unicode>de</Unicode>
        </TextEquiv>
      </TextLine>

    
    
      <TextLine id="eSc_line_37b2e220" >
        <Coords points="338,582 337,602 1597,606 1601,587 1599,562 338,552 338,582"/>
        <Baseline points="338,582 1601,587"/>
        <TextEquiv>
          <Unicode>à tout ce qui peut rendre impossible la provocation à la guerre</Unicode>
        </TextEquiv>
      </TextLine>

    
    
      <TextLine id="eSc_line_87597fee" >
        <Coords points="337,649 335,668 390,681 392,681 465,671 478,681 480,681 481,681 483,682 595,682 595,681 597,681 599,681 611,671 666,681 668,681 723,671 833,682 835,682 941,673 1159,682 1161,682 1163,682 1181,671 1183,653 1181,627 337,624 337,649"/>
        <Baseline points="337,649 1183,653"/>
        <TextEquiv>
          <Unicode>et les pratiques de la diplomatie secrète.</Unicode>
        </TextEquiv>
      </TextLine>

    
    
      <TextLine id="eSc_line_20c02378" >
        <Coords points="337,785 335,803 349,814 351,814 353,814 355,814 936,805 967,816 969,816 971,816 1053,807 1531,816 1533,816 1599,805 1601,789 1597,759 415,759 337,750 337,785"/>
        <Baseline points="337,785 1601,789"/>
        <TextEquiv>
          <Unicode>qui contiendrait en g/erme une guerre de revanche ; €e€t cela seul</Unicode>
        </TextEquiv>
      </TextLine>

    
    
      <TextLine id="eSc_line_c59d6f8a" >
        <Coords points="599,721 599,745 1577,743 1579,717 1573,684 597,693 599,721"/>
        <Baseline points="599,721 1579,717"/>
        <TextEquiv>
          <Unicode>Il proteste, à l&#39;avance, contre tout futur traité</Unicode>
        </TextEquiv>
      </TextLine>

    
    
      <TextLine id="eSc_line_324c5e66" >
        <Coords points="337,851 337,878 1641,876 1643,858 1641,825 469,825 463,823 425,812 423,812 421,812 337,822 337,851"/>
        <Baseline points="337,851 1643,858"/>
        <TextEquiv>
          <Unicode>dit tout. Il proclame le droit pour tous les peuples de disposer</Unicode>
        </TextEquiv>
      </TextLine>

    
    
      <TextLine id="eSc_line_e81fa996" >
        <Coords points="337,917 335,935 375,946 377,946 379,946 756,939 1179,950 1181,950 1597,941 1599,922 1597,893 1495,884 1493,884 1394,891 1352,895 1343,891 1321,884 1319,884 1317,884 1245,891 1240,891 1236,891 1139,882 1137,882 1136,882 1110,891 1103,893 1093,891 1048,882 1046,882 1044,882 1042,882 1027,891 1024,893 1013,891 967,882 965,882 963,882 961,882 950,891 947,895 852,895 842,891 813,882 811,882 809,882 808,882 782,891 776,893 775,891 767,886 767,884 765,884 764,884 762,884 720,891 716,891 714,891 703,880 701,880 699,880 698,880 696,880 694,880 677,891 674,891 628,880 626,880 624,880 588,891 582,891 337,891 337,917"/>
        <Baseline points="337,917 1599,922"/>
        <TextEquiv>
          <Unicode>d&#39;eux-mêmes ; et par conséquent il réclame l&#39;annulation de toute</Unicode>
        </TextEquiv>
      </TextLine>

    
    
      <TextLine id="eSc_line_021f50d3" >
        <Coords points="337,984 335,1005 386,1016 388,1016 892,1008 982,1017 983,1017 1537,1008 1539,988 1535,959 337,959 337,984"/>
        <Baseline points="337,984 1539,988"/>
        <TextEquiv>
          <Unicode>annexion forcée, à commencer par celle de l&#39;Alsace-Lorraine.</Unicode>
        </TextEquiv>
      </TextLine>

    
    
      <TextLine id="eSc_line_c8e55a77" >
        <Coords points="600,1052 599,1076 1599,1074 1601,1058 1601,1030 600,1023 600,1052"/>
        <Baseline points="600,1052 1601,1058"/>
        <TextEquiv>
          <Unicode>Il adjure les Gouvernements de ne pas abuser de la</Unicode>
        </TextEquiv>
      </TextLine>

    
    
      <TextLine id="eSc_line_dd51bbde" >
        <Coords points="340,1120 338,1144 342,1147 344,1147 344,1149 346,1149 348,1149 349,1149 1599,1144 1601,1125 1599,1094 340,1093 340,1120"/>
        <Baseline points="340,1120 1601,1125"/>
        <TextEquiv>
          <Unicode>guerre/économique et encore moins des conquêtes d&#39;agression éco-</Unicode>
        </TextEquiv>
      </TextLine>

    
    
      <TextLine id="eSc_line_b5a4f6d6" >
        <Coords points="338,1182 337,1217 412,1210 511,1219 514,1186 514,1158 338,1153 338,1182"/>
        <Baseline points="338,1182 514,1186"/>
        <TextEquiv>
          <Unicode>nomique.</Unicode>
        </TextEquiv>
      </TextLine>

    
    
      <TextLine id="eSc_line_8a93a782" >
        <Coords points="338,1320 337,1345 1597,1349 1601,1323 1599,1294 338,1290 338,1320"/>
        <Baseline points="338,1320 1601,1323"/>
        <TextEquiv>
          <Unicode>ponsables de la guerre, des pénalités, des réparations, avec un</Unicode>
        </TextEquiv>
      </TextLine>

    
    
      <TextLine id="eSc_line_afcd3457" >
        <Coords points="600,1254 599,1274 1559,1279 1562,1257 1559,1221 1487,1230 1451,1221 1449,1221 1447,1221 1445,1221 1438,1221 1361,1230 1321,1222 1313,1221 1311,1221 1295,1222 1218,1230 1060,1224 976,1221 974,1221 912,1224 861,1228 855,1224 846,1219 844,1219 842,1219 841,1219 839,1219 837,1219 828,1226 822,1228 811,1226 784,1219 782,1219 780,1219 600,1226 600,1254"/>
        <Baseline points="600,1254 1562,1257"/>
        <TextEquiv>
          <Unicode>Il demande des sanctions contre les auteurs res-</Unicode>
        </TextEquiv>
      </TextLine>

    
    
      <TextLine id="eSc_line_f8cb3cdb" >
        <Coords points="340,1384 340,1415 632,1407 650,1417 655,1418 657,1418 659,1418 672,1417 703,1409 754,1417 775,1418 776,1418 1595,1417 1597,1391 1595,1358 340,1354 340,1384"/>
        <Baseline points="340,1384 1597,1391"/>
        <TextEquiv>
          <Unicode>ensemble de garanties qui mettent le monde à l&#39;abri d&#39;un nouvel</Unicode>
        </TextEquiv>
      </TextLine>

    
    
      <TextLine id="eSc_line_1050f330" >
        <Coords points="338,1450 338,1473 533,1471 535,1446 531,1418 359,1413 357,1413 355,1413 337,1420 338,1450"/>
        <Baseline points="338,1450 535,1446"/>
        <TextEquiv>
          <Unicode>attentat.</Unicode>
        </TextEquiv>
      </TextLine>

    
    
      <TextLine id="eSc_line_bb5a9236" >
        <Coords points="338,1583 337,1601 392,1612 393,1612 764,1609 917,1607 925,1611 934,1616 936,1616 938,1616 939,1616 1070,1612 1205,1609 1518,1618 1522,1590 1522,1565 1379,1554 1377,1554 1299,1563 1289,1563 1282,1563 1225,1552 1223,1552 1141,1561 1139,1561 1137,1561 1103,1552 1101,1552 1099,1552 1097,1552 1095,1552 1082,1561 1081,1563 954,1563 949,1561 908,1550 906,1550 905,1550 903,1550 875,1559 875,1561 703,1561 699,1559 672,1550 670,1550 668,1550 622,1558 586,1548 584,1548 582,1548 338,1556 338,1583"/>
        <Baseline points="338,1583 1522,1590"/>
        <TextEquiv>
          <Unicode>s&#39;élevant contre une paix prématurée, éphémère, établie sur</Unicode>
        </TextEquiv>
      </TextLine>

    
    
      <TextLine id="eSc_line_3589398e" >
        <Coords points="577,1517 575,1543 1555,1550 1559,1525 1557,1493 677,1493 577,1481 577,1517"/>
        <Baseline points="577,1517 1559,1525"/>
        <TextEquiv>
          <Unicode>Le congrès enfin coupe court à toute équivoque en</Unicode>
        </TextEquiv>
      </TextLine>

    
    
      <TextLine id="eSc_line_b416cf45" >
        <Coords points="340,1647 338,1669 1616,1684 1619,1656 1619,1633 1529,1622 1528,1622 1321,1629 1308,1629 1306,1629 1295,1620 1293,1620 1291,1620 1289,1620 1172,1627 1148,1629 1141,1627 1110,1618 1108,1618 1106,1618 1013,1627 998,1627 670,1627 663,1623 641,1616 639,1616 637,1616 573,1623 560,1623 557,1623 536,1614 535,1614 533,1614 340,1620 340,1647"/>
        <Baseline points="340,1647 1619,1656"/>
        <TextEquiv>
          <Unicode>d&#39;autres bases que celles de la justice et il convie les Gouver-</Unicode>
        </TextEquiv>
      </TextLine>

    
    
      <TextLine id="eSc_line_a4aea1df" >
        <Coords points="338,1717 337,1737 575,1748 577,1748 681,1739 696,1739 698,1739 705,1746 705,1748 707,1748 709,1748 811,1750 813,1750 1015,1741 1040,1741 1046,1741 1081,1752 1082,1752 1084,1752 1247,1742 1255,1742 1284,1753 1286,1753 1288,1753 1520,1742 1522,1726 1520,1700 338,1691 338,1717"/>
        <Baseline points="338,1717 1522,1726"/>
        <TextEquiv>
          <Unicode>nements alliés à former, dès à présent, entre eux, d&#39;accord</Unicode>
        </TextEquiv>
      </TextLine>

    
    
      <TextLine id="eSc_line_a9ae3137" >
        <Coords points="1588,1768 1048,1757 1046,1757 1016,1759 967,1764 939,1759 921,1755 919,1755 866,1757 773,1763 764,1757 760,1753 758,1753 756,1753 754,1753 692,1755 549,1761 511,1753 502,1752 500,1752 472,1752 353,1759 342,1750 338,1783 338,1808 954,1808 961,1810 982,1818 983,1818 985,1818 1139,1810 1170,1810 1174,1812 1185,1819 1187,1819 1189,1819 1190,1819 1357,1812 1370,1812 1372,1812 1383,1821 1385,1821 1387,1821 1388,1821 1588,1812 1590,1794 1588,1768"/>
        <Baseline points="338,1783 1590,1794"/>
        <TextEquiv>
          <Unicode>avec les neutres, l&#39;ébauche de la future &quot;Société des Nations&quot;.</Unicode>
        </TextEquiv>
      </TextLine>

    
    
      <TextLine id="eSc_line_e0197501" >
        <Coords points="600,1852 599,1871 665,1882 666,1882 712,1874 723,1872 738,1874 804,1883 806,1883 925,1878 994,1874 1004,1880 1011,1885 1013,1885 1015,1885 1016,1887 1130,1887 1130,1885 1132,1885 1134,1885 1137,1882 1145,1876 1179,1882 1209,1887 1211,1887 1271,1883 1368,1878 1398,1887 1409,1889 1410,1889 1412,1889 1414,1889 1416,1889 1418,1887 1429,1880 1440,1887 1442,1889 1443,1889 1445,1889 1447,1889 1449,1889 1454,1887 1473,1880 1594,1889 1597,1861 1597,1836 600,1823 600,1852"/>
        <Baseline points="600,1852 1597,1861"/>
        <TextEquiv>
          <Unicode>Ce qu&#39;il faut louer dans ce manifeste, c&#39;est qu&#39;il</Unicode>
        </TextEquiv>
      </TextLine>

    
    
      <TextLine id="eSc_line_813a5978" >
        <Coords points="335,1922 335,1951 547,1942 573,1951 575,1951 577,1951 646,1944 657,1953 659,1953 661,1953 663,1953 784,1948 826,1957 831,1957 833,1957 835,1957 837,1957 846,1948 872,1957 874,1957 875,1957 877,1957 879,1957 881,1957 899,1946 974,1946 1154,1958 1158,1958 1159,1958 1161,1958 1163,1958 1174,1949 1214,1958 1216,1958 1326,1949 1343,1960 1344,1960 1346,1960 1458,1962 1460,1962 1462,1962 1463,1962 1480,1953 1616,1962 1619,1933 1619,1905 1115,1893 1114,1893 1068,1894 991,1900 963,1893 945,1889 943,1889 941,1889 881,1893 769,1898 732,1889 723,1887 721,1887 720,1887 688,1889 580,1896 555,1887 551,1885 549,1885 335,1883 335,1922"/>
        <Baseline points="335,1922 1619,1933"/>
        <TextEquiv>
          <Unicode>est fidèle à l&#39;inspiration de tous nos amis d&#39;avant guerre et</Unicode>
        </TextEquiv>
      </TextLine>

    
    </TextRegion>
    
  </Page>
</PcGts>
