1755 2197
846 131 954 186 - 4 -
307 236 1573 289 de toujours. C'est l'expression de la pensée française la plus
311 303 1295 364 pure, la plus désintéressée, vraiment invariable.
569 360 1613 428 Y insister serait répéter ce que nous avons applaudi
311 422 1097 497 et proclamé nous-même toute notre vie.
567 627 1535 686 En revanche, je relèverai comme un signe nouveau
313 701 1535 757 et bien autrement remarquable l'article que publie en tête du
309 759 1569 822 dernier numéro de "La Revue des Deux-Mondes", notre ami Gabriel
311 831 1313 889 Hanotaux, sous ce titre : "Le Problème de la Paix".
547 889 1555 963 Hanotaux, qui, sans compter son talent et ses con-
309 963 1568 1025 naissances d'historien très-moderne, a toujours été fort avisé,
311 1032 1566 1091 s'est aperçu que, s'il était facile de railler les précurseurs,
309 1100 1613 1157 on pouvait cependant trouver dans leurs inspirations et dans leurs
327 1158 1575 1221 efforts matière à succès positifs pour leurs successeurs. Ila
309 1235 1573 1292 donc commencé plus ou moins, par se joindre à la foule des gens
311 1294 1555 1362 conscients ou inconscients qui ont paralysé notre effort paci-
311 1358 1579 1429 fique. Il a mis toutefois, je tiens à le reconnaître, une cer
311 1431 1573 1488 taine modération et toujours quelque bienveillance amicale dans
311 1497 1613 1561 son exécution. C'est qu'il faisait ses réflexions : car nous nous
309 1569 1496 1620 connaissons depuis trente ans, lui et moi ; nous avons servi
309 1625 1557 1688 ensemble, travaillé ensemble : nul n'est mieux fixé que lui sur
309 1691 1513 1763 le désintéressement et €s€ur la réalité du but soi-disant chi-
309 1763 1551 1836 mérique que j'ai poursuivi sous ses yeux pour mon pays. Il ne
304 1839 1313 1902 m'a jamais pris, lui, pour un naïf ou un imbécile.
573 1904 1590 1973 Je ne l'ai pas revu€e€, ou du moins je n'ai pas causé
