1742 2197
818 113 926 177 - 6 -
558 228 1606 296 Croire qu’après la guerre les Gouvernements pourront
307 298 1522 369 jeter un voile complaisant sur les causes de la guerre et les
304 366 1602 439 laisser impunément prendre racine et se renouveler, c’est s’aveu-
304 433 1566 497 gler  volontairement. Si, la paix rétablie, les profiteurs de la
304 505 1562 565 guerre peuvent étaler sans vergogne les bénéfices de leurs opé-
307 571 1584 635 rations ; si on peut parler de la guerre comme la commerce na-
307 635 1564 693 turel, une bonne affaire, alors la paix ne sera qu’un mensonge.
311 708 1547 765 Or, nous sommes déjà sur cette voie. On ne parle actuellement
307 768 1525 833 que des gens enrichis par la guerre ; et non des spéculateurs
305 829 1586 902 seulement. Rien n’est plus difficile à définir que la situation
305 908 1566 957 de ces enrichis ; rien de plus scabreux à établir que la limite
307 966 1566 1028 entre le gain licite et illicite. Les gains des plus favorisés
309 1032 1529 1093 ou des moins scrupuleux se sont éparpillés dans tout le pays,
309 1103 1549 1162 répartis dans une quantité de petits de bourses auxquelles il ne
309 1164 1511 1226 sera pas possible de réclamer l’application des lois sur les
309 1228 1591 1296 bénéfices de guerre. Des commissions spéciales établiront aisé-
309 1299 1604 1365 ment que certains de ses bénéfices ont été à l’origine excessifs,
311 1362 1555 1429 mais il leur sera souvent difficile d’aller au-delà du premier
313 1437 1571 1488 abus : elles ne pourront guère rechercher la foule incalculable
315 1506 1527 1559 de tous les gens qui auront, à leur tour, profiter de ces abus,
311 1563 1591 1622 soit comme intermédiaires, soit comme artisans. Il faudra tenir
315 1634 1569 1689 compte aussi au principal bénéficiaire de tout ce qu’il aura dû
313 1700 1553 1759 distribuer de bénéfices indirects, sur son propre gain, et des
313 1761 1553 1832 risques parfois considérables qu’il aura pris seul à sa/charge;
315 1830 1589 1893 et des services, enfin, que par son initiative et son énergie il
313 1896 1573 1964 aura rendus à la patrie, alors qu’il fallait aller au plus vite
313 1973 1551 2045 et au mieux, par tous les moyens, même les plus aventureux….
