1745 2197
750 142 1052 210 LETTRE N°203.
186 223 428 305 SÉNAT
1012 261 1503 333 PARIS, 29 Décembre 1916.
503 400 1195 479 LES FETES du JOUR de l’AN à PARIS .
521 503 1113 578 CANDIDATURES ACADÉMIQUES .
917 659 1248 730 Mon cher Butler,
589 834 1554 895 Voici de nouveau des fêtes de la Noël et du Jour
287 908 1569 970 de l'An à Paris. Si on ne rencontrait, à tout instant, dans les
291 977 1547 1032 rues, dans les tramways et le métro, des femmes en grand deuil,
287 1038 1591 1094 des/soldats et des officiers blessés ou mutilés, on oublierait que
287 1109 1550 1169 nous sommes encore en guerre. C'est à ne pas le croire. Je ne
289 1166 1516 1235 sais pas trop ce qu'en pensent les soldats au front, dans les
292 1241 1175 1294 tranchées et dans la boue, mais c'est ainsi.
573 1296 1631 1360 Le soir et les après-midis, les théâtres sont combles ;
292 1365 1552 1429 on y donne surtout des pièces gaies. J'y suis allée avec mes en-
294 1435 1532 1493 fants, neveux, nièces réunis à Paris, comme à l'ordinaire. On
294 1506 1598 1569 rit, on s'amuse franchement. Les pièces comiques n'ont jamais eu
292 1567 1556 1627 tant de succès, depuis le Bourgeois Gentilhomme jusqu'à la Dame
292 1631 1609 1700 de chez Maxim. Les acteurs, les musiciens, chanteurs, chanteuses,
296 1699 1578 1764 danseuses, figurantes et figurants vivent je ne sais pas quel mi-
298 1775 1591 1830 racle de maigres salaires, rentrent chez eux, je ne sais comment :
300 1845 1596 1896 trop tard le plus souvent pour trouver un moyen de locomotion ;
296 1902 1625 1969 on n'en joue pas moins joyeusement. Les concerts réorganisés sont,
179 2032 983 2096 à Monsieur le Président N.Murray BUTLER.
