1747 2197
875 128 992 179 - 2 -
406 252 1660 316 le retour des Alsaciens-Lorrains, sur le passage des étrangers,
404 320 1629 391 pour essayer de compenser les vides effrayants qu'elle trouve
406 399 606 450 en elle ?
697 452 1589 510 La vérité sur la réparation des destructions
408 525 1591 582 irréparables que nous avons subies ? Mystification, en ad-
402 589 1212 642 mettant même que les Boches paient tout.
701 649 1668 721 La vérité sur les désordres de la santé physique
404 725 1569 785 et morale du pays ; après quatre ans 1/2 de cette guerre ?
406 790 578 856 Passons.
697 840 1569 908 La vérité sur la diminution voulue de notre
404 915 1569 974 natalité déjà trop faible, et sur le danger pour la France
406 983 1567 1041 d'être submergée par la pullulation de ses voisins, depuis
402 1047 1547 1116 l'Italie jusqu'à la Belgique et l'Angleterre, sans parler
404 1118 1549 1179 du reste. Le chiffre de notre natalité, je vous l'ai dit
404 1188 1626 1241 hier, d'après les statistiques officielles, a diminué de près
402 1250 957 1310 de moitié depuis la guerre.
404 1378 1584 1431 vivre à la remorque, où à la discrétion de ses Alliés moins
697 1314 1567 1369 La vérité sur le danger, pour la France, de
406 1442 1587 1506 éprouvés, donc maîtres du marché mondial économique, à com-
402 1506 1605 1565 mencer par le nôtre ? La vérité sur la€s€ difficulté de vendre
404 1572 1585 1631 nos produits grevés de charges infinies, en concurrence avec
404 1636 1320 1699 ceux des autres pays relativement privilé€giés€ ?
697 1713 1662 1766 La vérité sur la difficulté XXXXXXXXX dorénavant
1252 1677 1485 1726 d'instruire
404 1777 1607 1836 ce qui restera de notre jeunesse, tout en lui faisant préma-
402 1839 1508 1905 turément gagner sa vie, - c'est-à-dire en la privant de
