1755 2197
756 126 1068 197 LETTRE N° 175.
185 223 426 298 SÉNAT
1077 216 1549 289 PARIS, 3 Novembre 1916.
566 382 1251 463 LES CONDITIONS d'une PAIX DURABLE.
818 543 1154 616 Mon cher Butler,
212 578 489 761 ££
327 853 1571 908 enfants se donnent sans compter, beaucoup de gens au contraire
584 792 1553 847 Pendant que la foule et les plus généreux de nos
327 920 1571 984 souhaitent que la guerre dure indéfiniment et qu'elle continue
329 990 1573 1049 de leur prodiguer les satisfactions d'orgueil, de carrière, de
329 1054 1555 1113 bien-être, d'argent. Pour ceux-là, je l'ai écrit souvent, la
326 1125 1584 1179 guerre est un bienfait, la fin de la guerre sera la désolation,
329 1190 1551 1252 la cessation de leurs privilèges, le retour au régime commun ;
333 1259 1557 1309 bien pire, elle sera le commencement de l'expiation, la carte
335 1323 1573 1378 formidable à payer, les comptes terrible à régler, l'échéance
331 1395 1432 1451 qu'il faut reculer, à tout pris, le plus loin possible.
335 1517 1595 1583 car l'oppression du militarisme prussien est une menace intolé-
589 1461 1577 1515 En attendant, on parle quand même, sans faiblir, -
335 1590 1557 1651 rable, - mais enfin on parle de la paix, ou plutôt des condi-
331 1656 1635 1715 tions de la paix qu'il faudra organiser après la victoire. Notre
331 1722 1549 1783 effort d'avant la guerre, tout le monde à présent le reprend,
333 1783 1518 1854 quand il est trop tard ; on le reprend, et si la discussion
329 1850 1593 1931 n'est pas ouvert, puisque personne en peut savoir encore ce que
208 1980 1033 2052 à Monsieur le Président N. Murray BUTLER.
