<?xml version="1.0" encoding="UTF-8"  standalone="yes"?>
<PcGts xmlns="http://schema.primaresearch.org/PAGE/gts/pagecontent/2019-07-15" xmlns:xsi="http://www.w3.org/2001/XMLSchema-instance" xsi:schemaLocation="http://schema.primaresearch.org/PAGE/gts/pagecontent/2019-07-15 http://schema.primaresearch.org/PAGE/gts/pagecontent/2019-07-15/pagecontent.xsd">
  <Metadata>
	<Creator>escriptorium</Creator>
	<Created>2022-07-21T12:03:06.851425+00:00</Created>
        <LastChange>2022-07-21T12:03:06.851446+00:00</LastChange>

  </Metadata>
  <Page imageFilename="FRAD072_12J384_lettre0169_003.jpg" imageWidth="1751" imageHeight="2197">

    

    
    <TextRegion id="eSc_dummyblock_">
    
    
      <TextLine id="eSc_line_f0d44ef5" >
        <Coords points="902,161 902,183 1016,181 1016,161 1016,137 902,129 902,161"/>
        <Baseline points="904,162 1017,162"/>
        <TextEquiv>
          <Unicode>- 3 - </Unicode>
        </TextEquiv>
      </TextLine>

    
    
      <TextLine id="eSc_line_b505b0a6" >
        <Coords points="326,294 326,322 1604,313 1604,294 1604,267 1448,267 1448,265 1424,256 1423,256 1421,256 1419,256 1390,265 1388,265 1256,256 1254,256 1210,265 1192,256 1190,256 1188,256 1122,265 1119,265 1115,265 1071,256 1069,256 1012,265 1007,265 996,265 853,256 851,256 326,263 326,294"/>
        <Baseline points="326,294 1604,294"/>
        <TextEquiv>
          <Unicode>tandis que les moins héroïques constateront que nous ne pouvions </Unicode>
        </TextEquiv>
      </TextLine>

    
    
      <TextLine id="eSc_line_9cfe92ec" >
        <Coords points="326,360 326,378 1544,375 1545,355 1540,329 324,333 326,360"/>
        <Baseline points="326,360 1545,355"/>
        <TextEquiv>
          <Unicode>faire autrement ; qu’il est encore heureux que nos sacrifices </Unicode>
        </TextEquiv>
      </TextLine>

    
    
      <TextLine id="eSc_line_8186c3c9" >
        <Coords points="326,426 326,444 1582,441 1584,422 1578,391 324,395 326,426"/>
        <Baseline points="326,426 1584,422"/>
        <TextEquiv>
          <Unicode>n’aient pas été faits en pure perte ; que nous aurions pu souf-</Unicode>
        </TextEquiv>
      </TextLine>

    
    
      <TextLine id="eSc_line_a40ce4b9" >
        <Coords points="327,490 327,514 1639,518 1641,490 1639,461 327,465 327,490"/>
        <Baseline points="327,490 1641,490"/>
        <TextEquiv>
          <Unicode>frir tout autant pour finir par être vaincus. Donc il faut faire,</Unicode>
        </TextEquiv>
      </TextLine>

    
    
      <TextLine id="eSc_line_2d9e2016" >
        <Coords points="324,558 324,580 1580,582 1584,552 1580,529 322,527 324,558"/>
        <Baseline points="324,558 1584,552"/>
        <TextEquiv>
          <Unicode>dans la guerre actuelle, la part de l’immense soulagement qu’é-</Unicode>
        </TextEquiv>
      </TextLine>

    
    
      <TextLine id="eSc_line_049fa3d1" >
        <Coords points="326,620 324,646 1544,648 1547,624 1545,595 326,593 326,620"/>
        <Baseline points="326,620 1547,624"/>
        <TextEquiv>
          <Unicode>prouvera la France d’avoir échappé au danger en contribuant à</Unicode>
        </TextEquiv>
      </TextLine>

    
    
      <TextLine id="eSc_line_aa28ab6d" >
        <Coords points="324,688 324,714 1547,706 1547,688 1547,664 324,664 324,688"/>
        <Baseline points="324,688 1547,688"/>
        <TextEquiv>
          <Unicode>l’effondrement du militarisme allemand, effondrement d’autant</Unicode>
        </TextEquiv>
      </TextLine>

    
    
      <TextLine id="eSc_line_baa1c839" >
        <Coords points="324,752 324,781 1587,776 1589,756 1587,728 324,726 324,752"/>
        <Baseline points="324,752 1589,756"/>
        <TextEquiv>
          <Unicode>plus précieux qu’il aura coûté plus cher. Ceux qui auront pris </Unicode>
        </TextEquiv>
      </TextLine>

    
    
      <TextLine id="eSc_line_f1519a2d" >
        <Coords points="324,822 324,847 1062,842 1113,851 1120,851 1122,851 1124,851 1126,851 1141,842 1359,851 1375,851 1377,851 1384,851 1476,842 1525,851 1527,851 1529,851 1531,851 1556,842 1644,851 1646,822 1644,789 324,794 324,822"/>
        <Baseline points="324,822 1646,822"/>
        <TextEquiv>
          <Unicode>part à cette victoire du bien sûr le mal et qui survivront, seront </Unicode>
        </TextEquiv>
      </TextLine>

    
    
      <TextLine id="eSc_line_7b118380" >
        <Coords points="326,889 326,919 386,909 646,915 716,917 717,917 719,917 728,915 756,908 965,911 1108,915 1109,915 1604,904 1606,884 1602,860 1201,849 1199,849 1197,849 1175,860 1174,860 1159,860 1023,851 1022,851 968,860 965,860 963,860 939,851 937,851 935,851 934,851 932,851 917,860 915,862 820,862 818,860 807,851 805,851 804,851 802,851 758,860 749,862 743,860 723,853 721,853 719,853 683,860 675,862 672,860 661,853 659,853 657,853 655,853 653,853 652,853 642,860 642,862 637,860 608,853 606,853 604,853 324,860 326,889"/>
        <Baseline points="326,889 1606,884"/>
        <TextEquiv>
          <Unicode>grandis, améliorés, à leur propres yeux. Une mère continuera de </Unicode>
        </TextEquiv>
      </TextLine>

    
    
      <TextLine id="eSc_line_1fa5cee4" >
        <Coords points="324,955 326,984 373,974 446,983 448,983 450,983 470,974 518,983 520,983 522,983 523,983 538,974 619,983 622,983 624,983 630,983 743,974 884,981 924,983 926,983 928,983 930,983 932,981 941,972 968,981 970,981 972,981 974,981 981,981 1027,972 1102,979 1122,981 1124,981 1544,975 1545,952 1540,928 322,930 324,955"/>
        <Baseline points="324,955 1545,952"/>
        <TextEquiv>
          <Unicode>pleurer son fils tombés sur le champ de bataille, mais elle se </Unicode>
        </TextEquiv>
      </TextLine>

    
    
      <TextLine id="eSc_line_40eff2d8" >
        <Coords points="326,1021 326,1043 1538,1047 1540,1021 1538,990 326,994 326,1021"/>
        <Baseline points="326,1021 1540,1021"/>
        <TextEquiv>
          <Unicode>dira que sa mort à libérer des générations d’autres aux enfants… </Unicode>
        </TextEquiv>
      </TextLine>

    
    
      <TextLine id="eSc_line_2434b5d5" >
        <Coords points="327,1085 327,1111 1566,1105 1567,1089 1567,1063 1520,1050 1518,1050 1516,1050 1364,1061 1360,1061 1357,1061 1274,1050 1272,1050 1271,1050 1269,1050 1256,1061 1254,1063 996,1063 989,1061 932,1049 930,1049 327,1058 327,1085"/>
        <Baseline points="327,1085 1567,1089"/>
        <TextEquiv>
          <Unicode>Et la nation tout entière se dira cela. Le deuil de tous de-</Unicode>
        </TextEquiv>
      </TextLine>

    
    
      <TextLine id="eSc_line_cf9d8f0d" >
        <Coords points="326,1149 324,1168 1582,1171 1586,1153 1582,1118 326,1118 326,1149"/>
        <Baseline points="326,1149 1586,1153"/>
        <TextEquiv>
          <Unicode>viendra le sacrifice de tous, la fierté de tous ; la France ac-</Unicode>
        </TextEquiv>
      </TextLine>

    
    
      <TextLine id="eSc_line_6d508918" >
        <Coords points="326,1217 324,1237 337,1246 338,1246 340,1246 342,1246 796,1241 943,1239 956,1243 976,1248 978,1248 979,1250 1584,1250 1586,1221 1584,1190 326,1188 326,1217"/>
        <Baseline points="326,1217 1586,1221"/>
        <TextEquiv>
          <Unicode>tuelle sera saignée, affaiblie mais vivifiée dans sa descendan-</Unicode>
        </TextEquiv>
      </TextLine>

    
    
      <TextLine id="eSc_line_6b0c6b9b" >
        <Coords points="326,1283 326,1310 1569,1309 1571,1287 1567,1252 326,1255 326,1283"/>
        <Baseline points="326,1283 1571,1287"/>
        <TextEquiv>
          <Unicode>ce par tout ce qu’elle aura donné d’elle-même, volontairement. </Unicode>
        </TextEquiv>
      </TextLine>

    
    
      <TextLine id="eSc_line_9c3302be" >
        <Coords points="326,1351 326,1376 1582,1371 1584,1354 1582,1320 326,1318 326,1351"/>
        <Baseline points="326,1351 1584,1354"/>
        <TextEquiv>
          <Unicode>Un culte s’établira pour célébrer son sacrifice, culte national </Unicode>
        </TextEquiv>
      </TextLine>

    
    
      <TextLine id="eSc_line_0cff7fcf" >
        <Coords points="324,1413 322,1439 1620,1444 1624,1422 1622,1389 324,1380 324,1413"/>
        <Baseline points="324,1413 1624,1422"/>
        <TextEquiv>
          <Unicode>et universel. Et ce culte deviendra lui-même une compensation et</Unicode>
        </TextEquiv>
      </TextLine>

    
    
      <TextLine id="eSc_line_ce3a0caf" >
        <Coords points="322,1481 322,1503 747,1503 756,1503 822,1512 824,1512 1075,1504 1084,1504 1087,1504 1188,1514 1190,1514 1600,1504 1602,1486 1600,1462 322,1450 322,1481"/>
        <Baseline points="322,1481 1602,1486"/>
        <TextEquiv>
          <Unicode>une g/lorification de la guerre. C’est par centaines et centai-</Unicode>
        </TextEquiv>
      </TextLine>

    
    
      <TextLine id="eSc_line_ba62aa2f" >
        <Coords points="320,1547 318,1567 1523,1570 1527,1550 1525,1526 320,1523 320,1547"/>
        <Baseline points="320,1547 1527,1550"/>
        <TextEquiv>
          <Unicode>nes de milliers que les peuples accourront, aussitôt la paix </Unicode>
        </TextEquiv>
      </TextLine>

    
    
      <TextLine id="eSc_line_0e5049e8" >
        <Coords points="324,1611 324,1640 1034,1636 1087,1638 1216,1645 1218,1645 1219,1645 1236,1638 1241,1636 1247,1638 1274,1647 1276,1647 1278,1649 1404,1649 1404,1647 1406,1647 1408,1647 1419,1638 1544,1638 1545,1618 1544,1590 324,1587 324,1611"/>
        <Baseline points="324,1611 1545,1618"/>
        <TextEquiv>
          <Unicode>rétablie, pour visiter la France et la Belgique sauvées. Nos </Unicode>
        </TextEquiv>
      </TextLine>

    
    
      <TextLine id="eSc_line_45ae567e" >
        <Coords points="324,1677 324,1706 1564,1702 1566,1682 1564,1656 324,1653 324,1677"/>
        <Baseline points="324,1677 1566,1682"/>
        <TextEquiv>
          <Unicode>infortunées régions envahies deviendront un lieu de pèlerinage</Unicode>
        </TextEquiv>
      </TextLine>

    
    
      <TextLine id="eSc_line_37fc708b" >
        <Coords points="322,1741 320,1761 338,1772 340,1772 342,1772 542,1764 571,1774 573,1774 575,1774 1576,1770 1578,1750 1578,1724 322,1717 322,1741"/>
        <Baseline points="322,1741 1578,1750"/>
        <TextEquiv>
          <Unicode>universel. La postérité se déclarera leur débitrice. Et cette</Unicode>
        </TextEquiv>
      </TextLine>

    
    
      <TextLine id="eSc_line_4a545e0f" >
        <Coords points="320,1838 1558,1849 1562,1819 1558,1790 1329,1794 1276,1786 1252,1783 1250,1783 1249,1783 1241,1785 1223,1794 1067,1794 1016,1783 1001,1781 1000,1781 989,1783 950,1790 935,1783 935,1781 934,1781 932,1781 930,1781 928,1781 923,1781 888,1790 774,1781 754,1779 752,1779 734,1779 617,1788 575,1777 571,1777 569,1777 567,1777 547,1777 360,1786 324,1775 322,1810 320,1838"/>
        <Baseline points="322,1810 1562,1819"/>
        <TextEquiv>
          <Unicode>dette sacrée, toute idéale, n’en sera pas moins la source d’un </Unicode>
        </TextEquiv>
      </TextLine>

    
    
      <TextLine id="eSc_line_a912e34a" >
        <Coords points="324,1876 324,1905 826,1905 833,1907 853,1915 855,1915 857,1915 963,1909 994,1907 1007,1909 1049,1916 1051,1916 1148,1909 1166,1909 1188,1909 1335,1920 1337,1920 1501,1911 1503,1889 1501,1865 324,1852 324,1876"/>
        <Baseline points="324,1876 1503,1889"/>
        <TextEquiv>
          <Unicode>renouveau prodigieux de vitalité. Dans cette atmosphère de </Unicode>
        </TextEquiv>
      </TextLine>

    
    </TextRegion>
    
  </Page>
</PcGts>
