1749 2197
734 168 1023 241 LETTRE N° 312.
195 225 426 300 SÉNAT
1075 270 1481 346 Paris, 28 Août 1917.
613 501 1448 589 Les DEUX RELIGIONS. - Le DIEU ALLEMAND et
906 582 1139 662 l'HUMANITÉ.
728 818 1056 882 Mon cher Butler,
725 977 1564 1050 La guerre aura, malgré tout, développé le
333 1043 1551 1118 sentiment religieux parmi les hommes ; le sentiment religieux,
331 1118 1596 1179 c’est-à-dire le besoin de croire au mieux et d’aimer autre cho-
333 1190 1595 1257 se que notre nous-même. Religion de Dieu, religion de l’Humani-
331 1254 1558 1321 té ? Peu importent les mots : les anciennes religions divines
325 1316 1575 1391 nous aurons acheminés douloureusement à la religion de l’Huma-
327 1382 1576 1459 nité. La religion chrétienne a été un immense progrès sur les
327 1453 1553 1519 religions antérieures, lesquels ont été elles-mêmes un pro-
329 1523 1609 1587 grès sur le fétichisme. La Révolution Française, révolution anti-
327 1587 1589 1658 cléricale, anti-despotique mais non anti-religieuse, aura ajou-
327 1649 1512 1713 té, aux magnifiques commandements de bonté et de justice du
325 1715 1609 1794 Christianisme, la Déclaration des droits de l’Homme et, par con-
324 1786 1569 1856 séquent, celle du Droit des peuples ; tel est le sens de la ré-
322 1858 1492 1926 volution américaine, de la révolution russe, de toutes les
120 1973 902 2052 Monsieur le Président N. Murray BUTLER.
