1745 2197
897 104 1021 175 - 6 -
327 238 1607 311 électrisé, et pour la Russie, et pour l'Italie... Cela ne fait
333 311 1609 375 que commencer pour eux ; plus la France souffrira, plus irrésis-
329 380 1074 435 tible sera son exemple, sa contagion.
620 444 1528 510 Laissons cela. Vous n'avez pas besoin que je
327 518 1605 574 vous affirme ma certitude. J'ai eu l'occasion d'interroger tous
327 571 1565 642 ces temps-ci, soit en particulier, soit ailleurs, le Président
327 637 1604 710 du Conseil, ou je l'ai entendu spontanément répondre à quelques-
327 715 1583 768 unes des questions qui me préoccupent. Il a été vraiment supé-
329 778 1602 834 rieur, non seulement à l'élite des hommes d'Etat qui l'entourent
329 844 1589 906 ou qui le combattent, il a été supérieur à lui-même. La guerre
327 898 1089 966 l'a élevé au-dessus de toute atte€i€nte.
620 977 1545 1034 Indépendamment de ce qu'il a pu dire en Comité
325 1034 1602 1107 secret, j'ai résumé, pour moi, quelques-unes de ses déclarations
324 1103 1604 1171 personnelles ; j'aurais voulu me rappeler textuellement ce qu'il
325 1177 1523 1235 a dit pour expliquer l'attitude de la Roumanie, enclavée, et
325 1244 1541 1298 pendant longtemps sans secours, entre des voisins puissamment
325 1298 1618 1369 armées ; ce qu'il a dit du noble rôle de l'Italie qui n'a pas eu,
324 1374 1503 1439 comme nous, à subir la guerre, mais qui délibérément, y est
325 1437 1514 1504 allée ! Et de la Serbie, et des Etats-Unis, et du Japon! Tout,
327 1499 1583 1574 dans son langage, était un témoignage encourageant de gratitude
322 1570 1580 1634 pour les services rendus, un acte de foi raisonnée dans le tri-
322 1638 1530 1704 omphe du Droit. Je me suis borné aux trois résumés suivants,
320 1693 1640 1772 bien insuffisants mais fidèles en XXXXXX substance et portant tous
322 1775 1576 1832 trois sur des points qui m'intéressaient particulièrement. Vous
324 1810 1585 1872 les trouverez ci-joint, à titre personnel, bien entendu, quoiqu'
320 1847 1040 1898 ils n'aient vraiment rien de secret.
871 1880 1455 1942 Votre affectueusement dévoué
115 1991 919 2061 Monsieur le Président N.Murray BUTLER.
891 1938 1506 2048 ££ ££ ££
492 2048 684 2109 NEW-YORK.
