1750 2197
828 148 949 208 - 5 -
353 234 1537 314 Dieu : " Dieu nous protège ! " Encore un peu il s’écrirait :
355 314 1640 382 " Ayez pitié de nous. Mon Dieu ! " Et tel est bien le sens de ses
351 378 1618 450 paroles sacrilèges. Je copie ce misérable passage d’un des der-
348 452 1581 510 niers discours qu’il est venu prononcer sur les ruines de nos
351 512 1542 582 Flandres, pour encourager ses troupes à persévérer dans son
353 585 505 649 crime :
350 785 1614 851 il ; mais nous ne connaissons pas le moment où Dieu nous donnera
747 703 1574 787 " Dieu nous fera gagner cette guerre,dit-
348 854 1629 917 la victoire. C’est à Dieu à décider le moment où nous vaincrons.
346 913 1559 981 Dieu a fait passer notre peuple et notre armée par une école
344 986 1553 1052 pénible. Actuellement, nous avons à passer l’examen. Appuyés
348 1052 1625 1120 sur l’ancienne confiance en Dieu des Allemands, nous voulons dé-
340 1116 1612 1188 montrer ce que nous pouvons…… Avec l’aide de Dieu, nous nous
344 1186 1134 1254 battrons jusqu’à une fin victorieuse. "
337 1543 1552 1622 sa détestable dynastie ; je crois que €ce€ €trône€ est perdue; les
731 1477 1608 1543 Je ne pense pas que le Dieu du Kaiser sauve
1066 1532 1211 1580 ££ ££
337 1611 1607 1680 États-Unis seront fiers d’avoir contribué au dénouement et, par
340 1680 1603 1748 là, rétabli, sur des bases durables, la paix du monde. Alors, la
335 1755 1588 1816 vraie religion de l’Humanité triomphera sur la fausse religion
335 1821 1599 1889 des Empereurs. La vraie pitié, c’est que, pour atteindre la dy-
339 1882 1597 1955 nastie de l’Empereur d’Allemagne, il faut anéantir tant de peu-
1546 1918 1656 1995 ples;
