1750 2197
776 111 883 170 - 2 -
353 199 1623 265 révolutions. Vous lirez avec quelque intérêt, – si vous avez le
357 285 1546 335 temps de lire ???... – le livre ci-joint, que l’ancien abbé
355 342 1616 402 LOISY vient d’écrire sous ce titre : " LA RELIGION ", ( I vol.
357 411 1564 474 in-18. Paris, Emile NOURRY). Je vous l’envoie, - bien qu’il
357 474 1643 541 soit verbeux et lâche, - parce qu’il est un signe : à mesure que
355 552 1583 602 baisse partout l’autorité gouvernementale, s’affirme, plus ou
351 611 1621 675 moins confusément, celle de la conscience humaine, révoltée par
357 675 1623 745 cette horrible et stupide guerre. L’éducation de la conscience
353 748 1581 807 humaine, voilà, plus que jamais, notre rôle : il faut de plus
357 822 1619 869 en plus parler au peuple, non pour le séduire, mais pour l’ins-
355 884 1619 944 truire ; il faut lui tenir un langage ferme, précis, désintéres-
353 946 1597 1014 sé, avant tout, sans arrière-pensée personnelle. Là est le de-
353 1014 1564 1078 voir de ceux qui, après nous, auront compris trop tard notre
357 1091 1581 1146 effort de conciliation entre les p££ays££, et qui auront à rache-
357 1149 1601 1202 ter, par une longue suite d’actes de contrition, le temps per-
353 1210 1638 1279 du et le sang innocent versé à flots. Là est le devoir vrai, sur
355 1285 1581 1340 lequel l’humanité a trop souffert pour pouvoir, désormais, se
357 1349 1601 1407 tromper. Ce devoir est un besoin de la conscience ; il apparaît
357 1420 1601 1471 tous les jours plus clair. L’empereur d’Allemagne se charge de
357 1488 1581 1547 le démontrer par son agitation désespérée : il proclame ainsi
359 1550 1618 1605 sa lamentable faiblesse, celle de MACBETH voulant le bien, fai-
360 1622 1618 1680 sant le mal ; mais il est bien inférieur à MACBETH : MACBETH, au
351 1682 1632 1741 moins, n’ajoutait pas le blasphème et l’hypocrisie à ses crimes.
355 1746 1542 1810 L’Empereur d’Allemagne, et lui, voulant la paix, comme MACBETH
355 1812 1583 1883 s’est laissé pousser, lui aussi, à verser le sang ; il a donné
355 1887 1618 1944 l’exemple, à la fois, de la trahison de ses serments et du plus
353 1948 1599 2019 monstrueux sacrifice de l’Humanité ; mais il ne se contente pas
