<?xml version="1.0" encoding="UTF-8"  standalone="yes"?>
<PcGts xmlns="http://schema.primaresearch.org/PAGE/gts/pagecontent/2019-07-15" xmlns:xsi="http://www.w3.org/2001/XMLSchema-instance" xsi:schemaLocation="http://schema.primaresearch.org/PAGE/gts/pagecontent/2019-07-15 http://schema.primaresearch.org/PAGE/gts/pagecontent/2019-07-15/pagecontent.xsd">
  <Metadata>
	<Creator>escriptorium</Creator>
	<Created>2022-07-21T12:03:07.084342+00:00</Created>
        <LastChange>2022-07-21T12:03:07.084363+00:00</LastChange>

  </Metadata>
  <Page imageFilename="FRAD072_12J384_lettre0203_004.jpg" imageWidth="1746" imageHeight="2197">

    

    
    <TextRegion id="eSc_dummyblock_">
    
    
      <TextLine id="eSc_line_08fbf86a" >
        <Coords points="848,151 846,172 958,184 961,155 960,129 848,122 848,151"/>
        <Baseline points="848,151 961,155"/>
        <TextEquiv>
          <Unicode>- 4 -</Unicode>
        </TextEquiv>
      </TextLine>

    
    
      <TextLine id="eSc_line_c78443ec" >
        <Coords points="293,289 293,311 1588,311 1590,283 1584,247 1390,256 1295,250 1247,247 1245,247 1220,250 1187,256 1172,250 1159,247 1157,247 1156,247 1130,252 1099,258 943,254 725,248 723,248 681,258 666,259 611,258 395,250 393,250 291,261 293,289"/>
        <Baseline points="293,289 1590,283"/>
        <TextEquiv>
          <Unicode>enfants en deuil ! Il y a foule devant le magasin du Printemps où</Unicode>
        </TextEquiv>
      </TextLine>

    
    
      <TextLine id="eSc_line_e3001e74" >
        <Coords points="293,355 293,373 1590,382 1592,355 1592,331 293,329 293,355"/>
        <Baseline points="293,355 1592,355"/>
        <TextEquiv>
          <Unicode>sont exposés des panoramas de jouets militaires. Ce sont de très</Unicode>
        </TextEquiv>
      </TextLine>

    
    
      <TextLine id="eSc_line_9f382553" >
        <Coords points="294,421 294,443 1628,443 1628,421 1628,397 294,397 294,421"/>
        <Baseline points="294,421 1628,421"/>
        <TextEquiv>
          <Unicode>jolis tableaux vivants en miniature. L&#39;un représente les tranchées</Unicode>
        </TextEquiv>
      </TextLine>

    
    
      <TextLine id="eSc_line_84bcd129" >
        <Coords points="291,487 289,510 1588,512 1592,490 1590,465 291,457 291,487"/>
        <Baseline points="291,487 1592,490"/>
        <TextEquiv>
          <Unicode>avec les poilus dans leurs abris ; ici faisant f££/££eu, jouant aux </Unicode>
        </TextEquiv>
      </TextLine>

    
    
      <TextLine id="eSc_line_b6194e02" >
        <Coords points="294,549 293,571 302,578 304,578 305,578 307,578 1526,574 1527,554 1526,525 294,525 294,549"/>
        <Baseline points="294,549 1527,554"/>
        <TextEquiv>
          <Unicode>cartes ; là transportant des blessés, emmenant des prisonniers,</Unicode>
        </TextEquiv>
      </TextLine>

    
    
      <TextLine id="eSc_line_13631cfa" >
        <Coords points="293,616 293,648 474,640 663,649 668,649 670,649 672,649 738,640 756,649 756,651 758,651 760,651 762,651 818,651 1156,642 1212,651 1222,653 1223,653 1236,653 1302,644 1324,653 1326,653 1328,653 1330,653 1331,653 1333,653 1353,644 1584,644 1628,653 1632,622 1630,596 293,589 293,616"/>
        <Baseline points="293,616 1632,622"/>
        <TextEquiv>
          <Unicode>pointant un canon d&#39;artillerie lourde, une mitrailleuse. Au second</Unicode>
        </TextEquiv>
      </TextLine>

    
    
      <TextLine id="eSc_line_ab20b7da" >
        <Coords points="293,682 291,710 1610,715 1614,688 1612,659 293,655 293,682"/>
        <Baseline points="293,682 1614,688"/>
        <TextEquiv>
          <Unicode>plan s&#39;étend le terrain labouré d&#39;obus, semé de corps ; - et un peu</Unicode>
        </TextEquiv>
      </TextLine>

    
    
      <TextLine id="eSc_line_a85f5126" >
        <Coords points="293,750 291,778 1564,779 1568,754 1566,723 293,719 293,750"/>
        <Baseline points="293,750 1568,754"/>
        <TextEquiv>
          <Unicode>plus loin, dans la fournaise de l&#39;incendie, admirablement figuré</Unicode>
        </TextEquiv>
      </TextLine>

    
    
      <TextLine id="eSc_line_0a83a6a4" >
        <Coords points="291,818 291,844 1546,842 1548,823 1546,792 291,792 291,818"/>
        <Baseline points="291,818 1548,823"/>
        <TextEquiv>
          <Unicode>par la lumière électrique, se dressent les ruines fumantes d&#39;un</Unicode>
        </TextEquiv>
      </TextLine>

    
    
      <TextLine id="eSc_line_ee1312a4" >
        <Coords points="294,886 293,906 1564,911 1568,889 1564,854 294,858 294,886"/>
        <Baseline points="294,886 1568,889"/>
        <TextEquiv>
          <Unicode>village bombardé, avec son église en ruines, ses maisons détrui-</Unicode>
        </TextEquiv>
      </TextLine>

    
    
      <TextLine id="eSc_line_b8a35fca" >
        <Coords points="291,952 289,975 1564,977 1568,955 1566,931 291,924 291,952"/>
        <Baseline points="291,952 1568,955"/>
        <TextEquiv>
          <Unicode>tes. Au-dessus, à l&#39;horizon, éclatent les obus, représentés par</Unicode>
        </TextEquiv>
      </TextLine>

    
    
      <TextLine id="eSc_line_11be5e65" >
        <Coords points="291,1016 289,1036 313,1047 315,1047 316,1047 716,1041 853,1039 881,1043 923,1049 925,1050 1489,1050 1491,1019 1489,994 291,984 291,1016"/>
        <Baseline points="291,1016 1491,1019"/>
        <TextEquiv>
          <Unicode>des explosions électriques, à la poursuite des aéroplanes de </Unicode>
        </TextEquiv>
      </TextLine>

    
    
      <TextLine id="eSc_line_2e307bfa" >
        <Coords points="293,1083 293,1111 1582,1109 1584,1091 1582,1060 293,1058 293,1083"/>
        <Baseline points="293,1083 1584,1091"/>
        <TextEquiv>
          <Unicode>combat traversant le ciel dans tous les sens, comme des phalènes.</Unicode>
        </TextEquiv>
      </TextLine>

    
    
      <TextLine id="eSc_line_add1314b" >
        <Coords points="293,1149 291,1168 1546,1179 1549,1158 1548,1124 293,1124 293,1149"/>
        <Baseline points="293,1149 1549,1158"/>
        <TextEquiv>
          <Unicode>C&#39;est charmant, fou, invraisemblable, et pourtant très vrai. Ce</Unicode>
        </TextEquiv>
      </TextLine>

    
    
      <TextLine id="eSc_line_2b02ffe1" >
        <Coords points="291,1217 289,1235 1584,1248 1588,1228 1586,1201 291,1184 291,1217"/>
        <Baseline points="291,1217 1588,1228"/>
        <TextEquiv>
          <Unicode>spectacle de mort fait la joie des petits enfants et de leurs pa-</Unicode>
        </TextEquiv>
      </TextLine>

    
    
      <TextLine id="eSc_line_02b27246" >
        <Coords points="291,1285 289,1303 309,1314 311,1314 313,1314 1564,1312 1566,1290 1564,1259 291,1255 291,1285"/>
        <Baseline points="291,1285 1566,1290"/>
        <TextEquiv>
          <Unicode>rents qui les conduisent. Et j&#39;ai défilé comme tous les autres, dans</Unicode>
        </TextEquiv>
      </TextLine>

    
    
      <TextLine id="eSc_line_843921e2" >
        <Coords points="289,1351 287,1376 1586,1380 1590,1360 1588,1336 1443,1325 1441,1325 1381,1334 1374,1334 1368,1334 1333,1323 1331,1323 1330,1323 1256,1332 1254,1332 1251,1332 1183,1323 1181,1323 921,1331 892,1331 890,1331 879,1321 877,1321 875,1321 873,1321 829,1331 822,1331 807,1331 716,1320 714,1320 712,1320 679,1329 676,1329 668,1329 578,1320 577,1320 289,1325 289,1351"/>
        <Baseline points="289,1351 1590,1360"/>
        <TextEquiv>
          <Unicode>la foule, devant ce spectacle... Je voulais entrer dans le maga-</Unicode>
        </TextEquiv>
      </TextLine>

    
    
      <TextLine id="eSc_line_393cf58b" >
        <Coords points="291,1415 289,1440 987,1448 991,1418 989,1391 291,1384 291,1415"/>
        <Baseline points="291,1415 991,1418"/>
        <TextEquiv>
          <Unicode>sin ; impossible ; on s&#39;y écrasait.</Unicode>
        </TextEquiv>
      </TextLine>

    
    
      <TextLine id="eSc_line_81ba815f" >
        <Coords points="588,1482 586,1508 888,1514 890,1514 892,1514 894,1514 894,1512 897,1510 903,1504 925,1510 952,1515 954,1515 956,1515 969,1510 980,1504 989,1510 998,1515 1000,1515 1002,1515 1003,1517 1101,1517 1101,1515 1102,1515 1115,1510 1121,1506 1123,1510 1130,1515 1130,1517 1132,1517 1134,1517 1135,1519 1172,1519 1172,1517 1174,1517 1176,1517 1183,1510 1189,1506 1253,1506 1278,1510 1335,1519 1337,1519 1401,1510 1421,1508 1524,1508 1526,1510 1553,1521 1555,1521 1557,1521 1559,1521 1588,1510 1590,1493 1590,1466 588,1453 588,1482"/>
        <Baseline points="588,1482 1590,1493"/>
        <TextEquiv>
          <Unicode>D&#39;où vient tout cet argent qui se dépense ? De la </Unicode>
        </TextEquiv>
      </TextLine>

    
    
      <TextLine id="eSc_line_578dc746" >
        <Coords points="287,1550 285,1574 1584,1580 1588,1559 1586,1519 1513,1530 1463,1519 1462,1519 1460,1519 1458,1519 1429,1530 1260,1519 1247,1519 1245,1519 1234,1519 1137,1528 1091,1519 1068,1515 1066,1515 1016,1519 945,1528 855,1528 833,1521 809,1514 807,1514 806,1514 804,1514 784,1521 771,1525 694,1521 533,1512 531,1512 529,1512 492,1521 483,1523 287,1523 287,1550"/>
        <Baseline points="287,1550 1588,1559"/>
        <TextEquiv>
          <Unicode>guerre. Les permissionnaires qui sont à l&#39;arrière me disent, qu&#39;à</Unicode>
        </TextEquiv>
      </TextLine>

    
    
      <TextLine id="eSc_line_712add4b" >
        <Coords points="287,1614 287,1642 452,1636 536,1644 611,1649 613,1649 615,1649 632,1644 646,1638 654,1644 663,1649 665,1649 666,1649 960,1651 961,1651 963,1651 980,1644 985,1642 994,1644 1031,1653 1033,1653 1035,1653 1320,1644 1361,1644 1363,1644 1374,1655 1374,1656 1375,1656 1377,1656 1379,1656 1582,1644 1584,1625 1581,1590 1410,1600 1374,1590 1368,1589 1366,1589 1364,1589 1363,1589 1357,1590 1322,1598 1080,1590 934,1585 932,1585 930,1585 914,1590 895,1594 818,1590 716,1583 714,1583 287,1589 287,1614"/>
        <Baseline points="287,1614 1584,1625"/>
        <TextEquiv>
          <Unicode>part le carbone (raréfié parce qu&#39;on le réserv e aux fabrications </Unicode>
        </TextEquiv>
      </TextLine>

    
    
      <TextLine id="eSc_line_8bce7a54" >
        <Coords points="287,1677 287,1708 1198,1708 1240,1709 1396,1719 1397,1719 1564,1709 1566,1689 1564,1664 287,1645 287,1677"/>
        <Baseline points="287,1677 1566,1689"/>
        <TextEquiv>
          <Unicode>de guerre) on/vit très bien dans leurs dépôts. Ils me rapportent</Unicode>
        </TextEquiv>
      </TextLine>

    
    
      <TextLine id="eSc_line_5c695b68" >
        <Coords points="289,1748 287,1766 331,1777 333,1777 529,1770 538,1770 542,1770 606,1779 608,1781 1564,1781 1566,1757 1564,1726 289,1722 289,1748"/>
        <Baseline points="289,1748 1566,1757"/>
        <TextEquiv>
          <Unicode>les menus des repas succulents et très abondants qu&#39;on leur sert</Unicode>
        </TextEquiv>
      </TextLine>

    
    
      <TextLine id="eSc_line_ba90ec51" >
        <Coords points="285,1808 283,1838 386,1832 428,1839 441,1841 443,1841 445,1841 447,1841 448,1839 458,1832 470,1839 474,1843 476,1843 478,1843 758,1845 760,1845 802,1838 817,1836 820,1838 828,1845 828,1847 829,1847 831,1847 983,1849 985,1849 987,1849 1020,1838 1022,1838 1150,1838 1152,1818 1152,1786 285,1783 285,1808"/>
        <Baseline points="285,1808 1152,1818"/>
        <TextEquiv>
          <Unicode>dans les hôtels, pour deux francs par tête.</Unicode>
        </TextEquiv>
      </TextLine>

    
    
      <TextLine id="eSc_line_2306116b" >
        <Coords points="567,1880 566,1913 1412,1913 1423,1913 1484,1922 1485,1922 1582,1913 1584,1891 1584,1867 567,1854 567,1880"/>
        <Baseline points="567,1880 1584,1891"/>
        <TextEquiv>
          <Unicode>Le lendemain de la guerre, la paix sera, pour quan-</Unicode>
        </TextEquiv>
      </TextLine>

    
    
      <TextLine id="eSc_line_efddf08f" >
        <Coords points="287,1946 285,1980 1002,1980 1049,1990 1057,1990 1058,1990 1075,1990 1172,1982 1253,1991 1260,1991 1262,1991 1267,1991 1333,1984 1348,1993 1350,1993 1352,1993 1353,1995 1484,1995 1485,1960 1485,1933 1047,1931 1031,1924 1020,1920 1018,1920 1016,1920 941,1922 776,1927 743,1918 736,1916 734,1916 732,1916 731,1916 723,1918 690,1926 439,1926 408,1913 406,1913 287,1911 287,1946"/>
        <Baseline points="287,1946 1485,1960"/>
        <TextEquiv>
          <Unicode>tité de gens, une incommensurable déception ; quand il faudra</Unicode>
        </TextEquiv>
      </TextLine>

    
    </TextRegion>
    
  </Page>
</PcGts>
