1741 2197
870 97 987 151 - 3 -
317 194 1557 270 implacable. L’Empereur Guillaume II n’a que trop justifié ces
313 270 588 336 malédictions.
590 342 1596 404 N’allons pas trop loin. Nous n’irons pas
317 400 1632 461 trop loin : ne vous y trompez pas. Ces cris de haine, la France ne
311 477 1577 530 s’y associe qu’en tant qu’il s’adresse au Gouvernement alle-
313 536 1495 596 mand. La France va le châtiment des coupables et non des
313 607 1614 662 complices inconscients, encore moins des victimes du crime. Elle
313 668 1554 735 veut ce châtiment mois par vengeance que par un attachement à la
309 735 1594 798 paix et à la justice, pour préparer à l’humanité un avenir moins
311 807 1609 864 menaçant. Elle veut que la guerre porte après elle son enseigne-
307 871 1532 931 ment définitif. Déjà nous commencions à apprendre l’histoire
307 928 1572 997 sous son vrai jour. Nous commencions à savoir la fin misérable
307 995 1565 1065 de tous les empires et de tous les dominateurs. Nous méditions
307 1069 1548 1127 comme autant de nécessaires leçons, toutes ces fins des grands
307 1135 1548 1201 conquérants, invariablement tragiques :  Alexandre le Grand mort
306 1201 1566 1270 d’indigestion à Babylone ! César assassiné par ses plus fidèles
304 1263 1605 1336 amis ! Charles Quint pénitent dans un monastère. Louis XIV gémis-
307 1334 1585 1406 sant : " J’ai trop aimé la guerre !" Napoléon I rêvant de paix sur
306 1404 1568 1468 son rocher de Sainte-Hélène…. Il est impossible que Guillaume II
306 1464 1601 1537 soit mieux partagé que les autres. La moralité de la guerre doit
306 1530 1579 1605 être le châtiment des coupables, de tous les coupables  - chacun
300 1598 1042 1664 selon son grade et sa responsabilité.
579 1662 1643 1739 C’est là ce que le bon sens, autant que la conscience
298 1724 1541 1797 populaire, exigera. Et, s’il en est ainsi, le châtiment n’ira
298 1796 1541 1872 pas d’égarer sur tout un peuple. Nous en avons, en France, la
298 1856 1557 1942 que j’ai déjà relevées, de notre parfait équilibre moral et
298 1931 1482 2008 certitude, et c’est encore une des raisons, après tant d’autres
