<?xml version="1.0" encoding="UTF-8"  standalone="yes"?>
<PcGts xmlns="http://schema.primaresearch.org/PAGE/gts/pagecontent/2019-07-15" xmlns:xsi="http://www.w3.org/2001/XMLSchema-instance" xsi:schemaLocation="http://schema.primaresearch.org/PAGE/gts/pagecontent/2019-07-15 http://schema.primaresearch.org/PAGE/gts/pagecontent/2019-07-15/pagecontent.xsd">
  <Metadata>
	<Creator>escriptorium</Creator>
	<Created>2022-07-21T12:03:06.675891+00:00</Created>
        <LastChange>2022-07-21T12:03:06.675913+00:00</LastChange>

  </Metadata>
  <Page imageFilename="FRAD072_12J384_lettre0120_005.jpg" imageWidth="1741" imageHeight="2197">

    

    
    <TextRegion id="eSc_dummyblock_">
    
    
      <TextLine id="eSc_line_f9a2fb59" >
        <Coords points="899,133 897,155 1013,162 1017,137 1015,111 899,102 899,133"/>
        <Baseline points="899,133 1017,137"/>
        <TextEquiv>
          <Unicode>- 5 - </Unicode>
        </TextEquiv>
      </TextLine>

    
    
      <TextLine id="eSc_line_57522782" >
        <Coords points="306,278 306,303 408,296 485,303 511,305 513,305 514,305 516,305 516,303 518,303 527,294 718,302 727,302 729,302 731,302 733,302 745,292 797,302 802,302 804,302 808,302 850,292 945,302 962,302 963,302 995,300 1141,292 1359,298 1370,298 1372,298 1374,298 1416,287 1623,296 1627,267 1623,241 1420,234 1418,234 1374,241 1354,243 1238,241 1084,238 1083,238 905,241 522,250 304,243 306,278"/>
        <Baseline points="306,278 1627,267"/>
        <TextEquiv>
          <Unicode>contraste ! Nous avons fait notre possible pour l’éviter ! Je suis </Unicode>
        </TextEquiv>
      </TextLine>

    
    
      <TextLine id="eSc_line_d4b98522" >
        <Coords points="307,362 1546,357 1548,333 1544,305 1301,300 1299,300 1297,300 1295,300 1295,302 1293,302 1292,305 1288,309 1249,305 1194,298 1193,298 1191,298 1189,298 1182,305 1174,311 1086,311 1077,305 1072,300 1070,300 1068,300 1066,300 1004,305 923,311 910,305 899,300 897,300 896,300 868,305 841,309 804,305 778,302 777,302 775,302 767,305 751,313 734,305 729,302 727,302 626,302 624,302 623,302 621,302 617,305 604,313 522,305 503,303 502,303 491,305 428,314 384,305 375,303 373,303 372,303 368,305 344,314 307,305 307,342 307,362"/>
        <Baseline points="307,342 1548,333"/>
        <TextEquiv>
          <Unicode>allé le conduire à son régiment : j&#39;y ai constaté que tous les </Unicode>
        </TextEquiv>
      </TextLine>

    
    
      <TextLine id="eSc_line_ead320c5" >
        <Coords points="309,413 311,443 346,433 448,441 461,441 463,441 465,441 467,441 480,430 573,439 590,439 591,439 799,435 800,435 802,435 802,433 813,426 861,433 885,435 886,435 907,432 949,424 1094,428 1215,432 1216,432 1218,432 1220,432 1220,430 1226,426 1229,422 1279,424 1372,430 1374,430 1548,419 1550,399 1544,375 307,384 309,413"/>
        <Baseline points="309,413 1550,399"/>
        <TextEquiv>
          <Unicode>jeunes gens qui, pour une raison ou une autre, sont revenus du </Unicode>
        </TextEquiv>
      </TextLine>

    
    
      <TextLine id="eSc_line_368ef284" >
        <Coords points="307,477 307,507 395,497 507,505 518,505 520,505 522,505 524,505 555,496 703,503 731,503 733,503 755,501 846,492 1585,490 1587,466 1581,435 1445,443 1414,435 1405,433 1403,433 1401,433 1400,433 1390,435 1357,444 1275,435 1242,433 1240,433 1238,433 1231,437 1213,444 1158,437 1143,435 1141,435 1139,435 1134,437 1106,448 1007,448 963,437 947,435 945,435 910,439 813,448 720,439 709,439 707,439 705,439 703,439 685,452 518,452 498,443 496,443 494,443 390,452 373,441 372,441 370,441 368,441 306,441 307,477"/>
        <Baseline points="307,477 1587,466"/>
        <TextEquiv>
          <Unicode>front, n’ont qu’un désir, y retourner la plus tôt possible, pour </Unicode>
        </TextEquiv>
      </TextLine>

    
    
      <TextLine id="eSc_line_f3b58f46" >
        <Coords points="309,545 309,563 529,573 531,573 606,563 628,562 650,563 718,571 720,571 722,571 738,563 742,562 784,563 910,569 912,569 989,562 1044,558 1072,562 1101,567 1103,567 1141,562 1174,558 1209,562 1240,565 1242,565 1244,565 1246,565 1251,562 1260,556 1290,562 1312,565 1313,565 1315,565 1317,565 1321,562 1326,556 1343,562 1356,565 1357,565 1359,565 1645,560 1647,534 1643,508 756,507 755,507 307,519 309,545"/>
        <Baseline points="309,545 1647,534"/>
        <TextEquiv>
          <Unicode>en finir à effacer les Allemands. Il faut voir la noble assurance</Unicode>
        </TextEquiv>
      </TextLine>

    
    
      <TextLine id="eSc_line_b54ba3bb" >
        <Coords points="309,609 309,637 1451,626 1453,602 1447,573 307,578 309,609"/>
        <Baseline points="309,609 1453,602"/>
        <TextEquiv>
          <Unicode>de leur regard. Elle en est plus que toutes les paroles !</Unicode>
        </TextEquiv>
      </TextLine>

    
    
      <TextLine id="eSc_line_be0c4c07" >
        <Coords points="586,675 586,697 1647,697 1649,666 1643,638 584,648 586,675"/>
        <Baseline points="586,675 1649,666"/>
        <TextEquiv>
          <Unicode>La population du Mans, celles de la campagne trouvent </Unicode>
        </TextEquiv>
      </TextLine>

    
    
      <TextLine id="eSc_line_b6f679e9" >
        <Coords points="311,743 311,768 1588,754 1590,735 1587,710 978,704 976,704 974,704 947,714 945,714 929,714 733,706 731,706 309,717 311,743"/>
        <Baseline points="311,743 1590,735"/>
        <TextEquiv>
          <Unicode>cette assurance normale ; il faut vaincre ; il faut en prendre son</Unicode>
        </TextEquiv>
      </TextLine>

    
    
      <TextLine id="eSc_line_5ab49a50" >
        <Coords points="309,809 309,836 439,827 577,834 606,834 608,834 610,834 613,833 635,825 795,831 855,833 857,833 1610,820 1612,801 1607,768 307,776 309,809"/>
        <Baseline points="309,809 1612,801"/>
        <TextEquiv>
          <Unicode>parti. Aussi les marchés ont-ils repris leurs animations ; le civil</Unicode>
        </TextEquiv>
      </TextLine>

    
    
      <TextLine id="eSc_line_088836c8" >
        <Coords points="313,876 313,897 1629,897 1629,867 1623,842 311,847 313,876"/>
        <Baseline points="313,876 1629,867"/>
        <TextEquiv>
          <Unicode>vit le plus naturellement du monde avec le militaire revenant pas-</Unicode>
        </TextEquiv>
      </TextLine>

    
    
      <TextLine id="eSc_line_9f4e3a97" >
        <Coords points="311,941 311,957 734,966 736,966 824,957 1161,964 1163,964 1226,955 1585,963 1587,963 1588,963 1609,952 1609,935 1603,909 309,913 311,941"/>
        <Baseline points="311,941 1609,935"/>
        <TextEquiv>
          <Unicode>ser quelques jours dans ses foyers ; les permissionnaires, encore </Unicode>
        </TextEquiv>
      </TextLine>

    
    
      <TextLine id="eSc_line_9753e7c5" >
        <Coords points="313,1006 313,1028 1528,1028 1530,997 1524,968 311,977 313,1006"/>
        <Baseline points="313,1006 1530,997"/>
        <TextEquiv>
          <Unicode>tout couverts de la boue des tranchées, arrivent et repartent</Unicode>
        </TextEquiv>
      </TextLine>

    
    
      <TextLine id="eSc_line_464e49a3" >
        <Coords points="311,1074 311,1098 1588,1089 1588,1067 1585,1045 1378,1034 1376,1034 1374,1034 1354,1043 800,1038 799,1038 709,1047 668,1038 667,1038 665,1038 663,1038 621,1049 351,1039 350,1039 348,1039 309,1050 311,1074"/>
        <Baseline points="311,1074 1588,1067"/>
        <TextEquiv>
          <Unicode>par milliers, chaque jour, encombrants gaiement les trains et les</Unicode>
        </TextEquiv>
      </TextLine>

    
    
      <TextLine id="eSc_line_c570e7d1" >
        <Coords points="313,1136 313,1157 1570,1158 1574,1133 1568,1107 311,1113 313,1136"/>
        <Baseline points="313,1136 1574,1133"/>
        <TextEquiv>
          <Unicode>rues de leur va-et-vient. Le spectacle de la ville du Mans est</Unicode>
        </TextEquiv>
      </TextLine>

    
    
      <TextLine id="eSc_line_36479d75" >
        <Coords points="315,1206 315,1226 1548,1228 1552,1201 1548,1177 313,1173 315,1206"/>
        <Baseline points="315,1206 1552,1201"/>
        <TextEquiv>
          <Unicode> inénarrable : chaque jour semble à jour de fête : la moitié des </Unicode>
        </TextEquiv>
      </TextLine>

    
    
      <TextLine id="eSc_line_50e3a1be" >
        <Coords points="313,1270 313,1294 1609,1290 1609,1270 1607,1239 821,1244 817,1243 810,1235 808,1235 806,1235 694,1235 692,1235 623,1244 610,1244 604,1244 571,1235 569,1235 568,1235 566,1235 564,1235 551,1244 549,1246 313,1246 313,1270"/>
        <Baseline points="313,1270 1609,1270"/>
        <TextEquiv>
          <Unicode>magasins sont transformés en pâtisseries !! Les pâtissiers et les</Unicode>
        </TextEquiv>
      </TextLine>

    
    
      <TextLine id="eSc_line_4b3d6242" >
        <Coords points="313,1336 313,1365 1544,1360 1546,1332 1541,1303 311,1303 313,1336"/>
        <Baseline points="313,1336 1546,1332"/>
        <TextEquiv>
          <Unicode>hôteliers ont fait des affaires d’or depuis dix-huit mois.</Unicode>
        </TextEquiv>
      </TextLine>

    
    
      <TextLine id="eSc_line_07fd262b" >
        <Coords points="590,1400 588,1424 1609,1424 1610,1404 1609,1378 590,1371 590,1400"/>
        <Baseline points="590,1400 1610,1404"/>
        <TextEquiv>
          <Unicode>Hier j’ai rencontré un brave fermier que je connais </Unicode>
        </TextEquiv>
      </TextLine>

    
    
      <TextLine id="eSc_line_a2fe0b3f" >
        <Coords points="318,1468 318,1495 364,1486 432,1495 450,1497 452,1497 467,1495 513,1486 525,1495 527,1497 529,1497 531,1497 533,1499 602,1499 602,1497 621,1493 656,1486 665,1493 668,1497 670,1497 672,1497 674,1499 828,1499 828,1497 830,1497 843,1492 854,1488 899,1492 978,1499 980,1499 1044,1492 1068,1488 1073,1490 1083,1499 1084,1499 1086,1499 1088,1499 1090,1499 1123,1490 1128,1490 1132,1490 1174,1499 1176,1499 1249,1490 1266,1488 1288,1490 1405,1499 1407,1499 1409,1499 1429,1488 1433,1488 1588,1488 1590,1471 1588,1442 318,1440 318,1468"/>
        <Baseline points="318,1468 1590,1471"/>
        <TextEquiv>
          <Unicode>de longue date : il est père de trois enfants. Cet homme excel-</Unicode>
        </TextEquiv>
      </TextLine>

    
    
      <TextLine id="eSc_line_aaee4dfd" >
        <Coords points="315,1539 315,1569 370,1559 1570,1559 1574,1536 1570,1512 313,1512 315,1539"/>
        <Baseline points="315,1539 1574,1536"/>
        <TextEquiv>
          <Unicode>lent gardait, à Laval, les prisonniers allemands. Il fait, lui </Unicode>
        </TextEquiv>
      </TextLine>

    
    
      <TextLine id="eSc_line_9abbbe6e" >
        <Coords points="315,1598 315,1629 1570,1625 1572,1603 1570,1576 1315,1567 1313,1567 1249,1572 1194,1576 1125,1570 1053,1565 1051,1565 1017,1569 982,1574 947,1569 921,1565 919,1565 918,1565 916,1565 912,1569 905,1576 789,1576 753,1567 733,1563 731,1563 729,1563 716,1567 690,1572 571,1565 533,1563 531,1563 505,1565 384,1572 315,1563 315,1598"/>
        <Baseline points="315,1598 1572,1603"/>
        <TextEquiv>
          <Unicode>aussi, son devoir de, comme tout le monde ; il a eu un frère tué et</Unicode>
        </TextEquiv>
      </TextLine>

    
    
      <TextLine id="eSc_line_2d7b212f" >
        <Coords points="315,1667 313,1684 364,1697 366,1697 569,1688 595,1697 597,1697 599,1697 670,1688 674,1688 678,1688 731,1697 733,1697 850,1689 875,1688 888,1689 940,1699 941,1699 1039,1689 1057,1689 1528,1693 1532,1671 1528,1638 315,1642 315,1667"/>
        <Baseline points="315,1667 1532,1671"/>
        <TextEquiv>
          <Unicode>un beau-frère aussi ;  il n’est pas lui-même bien solide. Mais</Unicode>
        </TextEquiv>
      </TextLine>

    
    
      <TextLine id="eSc_line_6a350333" >
        <Coords points="318,1737 318,1755 1588,1761 1590,1737 1588,1709 318,1709 318,1737"/>
        <Baseline points="318,1737 1590,1737"/>
        <TextEquiv>
          <Unicode>il ne perd pas la tête pour cela ; et, si j’en parle, c’est parce </Unicode>
        </TextEquiv>
      </TextLine>

    
    
      <TextLine id="eSc_line_5b3820f9" >
        <Coords points="315,1803 315,1827 1513,1827 1515,1807 1513,1781 315,1777 315,1803"/>
        <Baseline points="315,1803 1515,1807"/>
        <TextEquiv>
          <Unicode>qu’il a toujours paru très exactement représenter la bonne</Unicode>
        </TextEquiv>
      </TextLine>

    
    
      <TextLine id="eSc_line_e61b0b9a" >
        <Coords points="315,1867 315,1893 1533,1891 1535,1872 1532,1841 315,1841 315,1867"/>
        <Baseline points="315,1867 1535,1872"/>
        <TextEquiv>
          <Unicode>moyenne du sentiment populaire Français. Il n’en veut pas au</Unicode>
        </TextEquiv>
      </TextLine>

    
    
      <TextLine id="eSc_line_07ebe64a" >
        <Coords points="311,1960 604,1969 606,1969 637,1962 657,1958 705,1962 773,1969 775,1969 822,1964 848,1960 865,1964 888,1969 890,1969 892,1969 934,1964 963,1960 969,1964 978,1971 980,1971 982,1971 984,1971 1017,1964 1037,1960 1042,1964 1051,1973 1053,1973 1055,1973 1057,1973 1059,1973 1090,1964 1103,1962 1227,1962 1235,1966 1253,1973 1255,1973 1257,1973 1297,1966 1308,1964 1312,1966 1324,1975 1326,1975 1328,1975 1330,1975 1546,1966 1548,1944 1548,1916 335,1911 315,1900 313,1935 311,1960"/>
        <Baseline points="313,1935 1548,1944"/>
        <TextEquiv>
          <Unicode>peuple allemand ; il n’est sévère que pour ceux qu’il considère </Unicode>
        </TextEquiv>
      </TextLine>

    
    </TextRegion>
    
  </Page>
</PcGts>
