1735 2197
952 133 1062 192 - 3 -
476 263 1639 329 "quel dommage que la France ne saisisse pas cette occasion
461 344 1615 389 "des négociations de paix pour €rassaner€ à jamais ses liens
1069 313 1256 353 resserrer
459 399 1597 463 "avec tous les peuples, petits ou grands, qui ont été ses
461 465 1615 521 "compagnons d’armes contre le militarisme. Telle était, à
463 536 1538 593 "La Haye, la politique de M. Bourgeois et la vôtre, la
456 600 1317 662 "vraie politique d’avenir pour votre pays€.€
743 666 1669 730 "Mais non ! C’est à qui, parmi vos Ministres,
448 732 1593 794 "traitera de haut et comme importun, vos Alliés les plus
452 800 1595 860 "dévoués d’hier, à commencer par les Belges ! Le Portugal
448 865 1656 928 "qui est, après tout, une puissance chrétienne dont l’action
450 933 1632 984 "n’a pas été sans contribuer, dans l’histoire, au développe-
450 1001 1661 1060 "ment de la civilisation, est assimilé à des États orientaux,
448 1063 1220 1125 "le Siam et la Chine, et de quel ton !
749 1133 1672 1195 "Je ne sais pas si M. Clemenceau se fait aimer
447 1193 1670 1263 "des grandes Puissances, mais il se fait détester
448 1266 917 1314 "par toutes les autres.
745 1321 1667 1387 Il n’y a qu’une voix, en somme, pour dire que
450 1393 1588 1451 "si le Tigre a été bon pour finir la guerre, il n’est pas
452 1461 994 1521 "l’homme à faire la paix".
762 1517 1615 1587 Et alors ? Nous allons voir les Américains,
469 1594 1529 1645 les Anglais, partir froissés par la maladresse de nos
469 1666 1630 1713 Gouvernants d’avant-guerre et tous les autres humiliés par
465 1731 1551 1779 une sécheresse orgueilleuse qui est à mille lieues des
467 1794 1586 1856 traditions séculaires et des aspirations fraternelles de
469 1860 685 1924 la France.
