1751 2197
838 122 972 175 - 14 -
283 258 1584 318 temps que les vêtements de sport. Je n’ai pu m’empêcher d’expri-
280 324 1525 375 mer mon étonnement devant l’élégance de ce magasin, le luxe de
282 388 1562 450 sa clientèle. "Ne m’en parlez pas", me répond naïvement le com-
280 446 1485 518 mis, un homme âgé, qui me suivait, "j’en ai honte !!! Je n’ai
283 521 1562 584 jamais tant vendu ! Jamais on n’a tant dépensé ! Cela ne devrait
280 591 1560 644 pas être permis". Il me donne alors quelques détails. Dans cer-
282 655 1514 715 tains milieux, c’est un raffinement de commandes de lingeries,
280 714 1522 783 de vêtements, de chaussures. Et je ne parle pas XXXXXXXXXX des
282 787 1578 845 femmes seulement. Même observation jusque sur le front. Certain
280 847 1531 911 régiment de cavalerie qui nous a reçus à son campement, vivant,
278 909 1536 975 l’hiver dans un village, l’été en pleins champs, sous la tente,
278 986 1516 1045 n’en était pas moins prêt pour la parade comme pour la charge :
276 1050 1531 1109 les chevaux bien nourris, fringants, le poil luisant au soleil,
276 1109 1556 1177 les hommes vigoureux et de bonne mine, les officiers plus qu’ir-
276 1180 1555 1241 réprochables dans leurs uniformes pittoresques, - et tout à fait
274 1241 1556 1305 beaux sous les armes. Ils  nous rappelaient les gravures classi-
274 1316 1536 1373 ques des armées du premier empire. Encore un peu, si la guerre
272 1376 1547 1444 dure, et la fantaisie aidant, nous verrons surgir à un luxe sobre,
274 1448 1545 1510 discret sans doute, mais un véritable luxe de tenues militaires.
276 1512 1553 1570 Les officiers sont bien payés : quand on ne se bat pas, ils s’en-
272 1576 1584 1644 nuient ; l’élégance est une distraction pour certains d’entre eux.
278 1642 1544 1713 Trop peut-être. – Mais la dépense n’est pas chez eux seulement,
272 1711 1573 1774 elle s’est démocratisée. On ne se refuse rien. Qui sait de quoi
271 1768 1597 1839 demain sera fait ? Du haut en bas tout le monde dépense sans comp-
271 1843 1573 1913 ter, même les plus pauvres. Pour la plupart cette dépense est un
272 1896 1571 1982 soulagement ou un bienfait. Chaque famille envoie plusieurs fois
269 1975 1452 2052 par semaine des colis postaux aux soldats, ou blessés, aux
