480 640
199 1 240 36 - 3 -
39 35 436 74 G.Hanotaux, sur les travaux tout à fait remarquables de notre ami
39 65 448 93 et collaborateur André Weiss, sur les directions de Léon Bourgeois,
41 87 436 114 sur les interventions du pauvre Louis Renault qui vient de mourir
42 108 433 135 subitement, sur celles de Jules Cambon, Matter, Fromageot ; j'en
40 148 457 175 vous sachiez que cette Commission, bien que tenue à une regrettable
41 130 410 154 pourrais mentionner d'autres encore ; c'en est assez pour que
41 171 440 197 mais inévitable réserve, puisqu'elle a été constituée par le Gou-
41 190 442 218 vernement et dépend du Gouvernement, lequel doit lui-même être en
41 212 422 236 communauté de vues avec nos Alliés, ne perd pas son temps. En
41 254 413 279 quantité d'initiatives in ellectuelles ou populaires pour la
43 233 416 258 fait, elle prépare sérieusement sa contribution à l'effort de
43 273 435 299 création pratique de notre future Société des Nations. C'est un
43 292 452 321 excellent signe. Ne manquons pas d'en tenir compte. Cette société
43 315 442 341 des Nations, dont la conception faisait sourire, avant la guerre,
43 336 428 361 s'élabore dans les esprits réfléchis. Chaque jour je pourrais
44 356 439 382 vous signaler quelque conférence publique organisée sur ce sujet,
45 376 420 402 soit à Paris, soit en province ; c'est le sujet, l'actualité;
46 416 448 443 l'ordre du jour. Rien n'est plus éloquent que cette émulation des
47 397 421 423 partout, en France et dans tous les pays, c'est la question à
46 438 436 463 activités pour la réalisation pratique et définitive de ce qu'on
49 457 420 485 ppelait hier l'utopie ; émulation entre les intellectuels, la
50 478 431 516 masse des classes populaires et, par conséquent aussi, les Gou-
50 499 123 533 vernements.
149 508 448 542 L'organisation collective du blocus a été naturel-
52 529 442 564 lement le point de départ de l'emploi de l'arme économique. Il a
53 554 435 591 fallu trois ans pour arriver à la mettre au point : elle serait
