<?xml version="1.0" encoding="UTF-8"  standalone="yes"?>
<PcGts xmlns="http://schema.primaresearch.org/PAGE/gts/pagecontent/2019-07-15" xmlns:xsi="http://www.w3.org/2001/XMLSchema-instance" xsi:schemaLocation="http://schema.primaresearch.org/PAGE/gts/pagecontent/2019-07-15 http://schema.primaresearch.org/PAGE/gts/pagecontent/2019-07-15/pagecontent.xsd">
  <Metadata>
	<Creator>escriptorium</Creator>
	<Created>2021-03-18T09:58:11.737831+00:00</Created>
    <LastChange>2021-03-18T09:58:11.737852+00:00</LastChange>
  </Metadata>
  <Page imageFilename="P1080303.JPG" imageWidth="480" imageHeight="640">

    

    
    <TextRegion id="eSc_dummyblock_">
    
    
      <TextLine id="eSc_line_97802" >
        <Coords points="223,32 225,25 241,16 266,25 269,33 260,43 247,42 241,48 237,44 228,49 224,46"/>
        <Baseline points="223,32 269,33"/>
        <TextEquiv>
          <Unicode>- 11 -</Unicode>
        </TextEquiv>
      </TextLine>

    
    
      <TextLine id="eSc_line_97804" >
        <Coords points="53,90 55,81 73,78 121,85 186,87 206,83 309,87 434,82 444,92 424,103 367,102 330,107 309,103 131,107 54,97"/>
        <Baseline points="53,90 58,90 109,94 138,95 275,97 444,92"/>
        <TextEquiv>
          <Unicode>et d’y faire l’illusion pour se refaire une virginité et revenir </Unicode>
        </TextEquiv>
      </TextLine>

    
    
      <TextLine id="eSc_line_97803" >
        <Coords points="54,70 55,59 61,56 68,59 75,53 104,60 123,57 133,62 153,57 166,64 178,63 186,57 192,63 204,63 209,58 231,65 237,59 247,58 253,64 278,59 284,64 314,65 330,51 341,60 356,62 373,55 387,63 394,59 414,60 431,51 439,59 458,55 469,63 472,71 462,79 444,81 313,82 307,86 159,85 72,77 55,80"/>
        <Baseline points="54,70 123,73 233,74 241,74 381,75 472,71"/>
        <TextEquiv>
          <Unicode>en Europe, vont essayer, ils essayent déjà d’émigrer aux Etats-Unis </Unicode>
        </TextEquiv>
      </TextLine>

    
    
      <TextLine id="eSc_line_97805" >
        <Coords points="53,112 54,100 61,100 104,108 123,104 262,108 440,102 447,113 444,122 429,124 297,128 54,122"/>
        <Baseline points="53,112 60,112 75,113 120,115 237,117 447,113"/>
        <TextEquiv>
          <Unicode>ensuite, avec une force nouvelle, prendre leur revanche dans le </Unicode>
        </TextEquiv>
      </TextLine>

    
    
      <TextLine id="eSc_line_97806" >
        <Coords points="55,134 56,123 62,122 128,128 163,124 194,129 275,126 298,130 329,125 454,121 463,121 471,133 466,145 332,145 314,149 138,144 94,145 89,149 73,144 56,145"/>
        <Baseline points="55,134 57,134 122,139 209,140 471,133"/>
        <TextEquiv>
          <Unicode>vieux Monde. Ainsi le seul bénéfice de cette guerre si malheureuse </Unicode>
        </TextEquiv>
      </TextLine>

    
    
      <TextLine id="eSc_line_97807" >
        <Coords points="55,157 58,145 88,149 209,146 307,150 442,145 446,156 442,165 389,168 56,165"/>
        <Baseline points="55,157 446,156"/>
        <TextEquiv>
          <Unicode>et si complètement inutile, serait perdu. Vous seriez, à votre </Unicode>
        </TextEquiv>
      </TextLine>

    
    
      <TextLine id="eSc_line_97808" >
        <Coords points="56,179 57,166 151,170 343,167 355,171 363,167 432,165 440,167 443,177 438,186 410,188 57,187"/>
        <Baseline points="56,179 443,177"/>
        <TextEquiv>
          <Unicode>tour, les victimes du mal dont vous auriez voulu généreusement </Unicode>
        </TextEquiv>
      </TextLine>

    
    
      <TextLine id="eSc_line_97810" >
        <Coords points="55,221 56,210 64,209 127,210 138,213 141,222 138,232 61,231 56,236"/>
        <Baseline points="55,221 141,222"/>
        <TextEquiv>
          <Unicode>là le danger.</Unicode>
        </TextEquiv>
      </TextLine>

    
    
      <TextLine id="eSc_line_97809" >
        <Coords points="56,201 57,188 119,188 153,193 159,189 192,187 250,191 447,186 453,197 451,206 433,211 394,207 205,212 163,207 139,213 58,208"/>
        <Baseline points="56,201 453,197"/>
        <TextEquiv>
          <Unicode>sauver l’Europe. Ce serait par trop dérisoire et c’est pourtant </Unicode>
        </TextEquiv>
      </TextLine>

    
    
      <TextLine id="eSc_line_97811" >
        <Coords points="156,242 157,229 181,232 187,228 209,232 256,228 350,231 450,227 465,228 468,238 466,248 439,251 158,250"/>
        <Baseline points="156,242 468,238"/>
        <TextEquiv>
          <Unicode> Tous les éléments de réaction dans le monde entier </Unicode>
        </TextEquiv>
      </TextLine>

    
    
      <TextLine id="eSc_line_97812" >
        <Coords points="57,264 58,251 104,253 121,249 168,253 233,250 246,254 259,250 343,254 376,248 408,252 415,249 429,253 432,259 429,269 408,271 58,272"/>
        <Baseline points="57,264 432,259"/>
        <TextEquiv>
          <Unicode>ont souhaité la guerre pour se débarrasser des progrès de la </Unicode>
        </TextEquiv>
      </TextLine>

    
    
      <TextLine id="eSc_line_97813" >
        <Coords points="56,285 57,273 67,271 127,275 190,271 219,276 226,271 245,275 257,271 437,270 446,281 436,291 57,292"/>
        <Baseline points="56,285 446,281"/>
        <TextEquiv>
          <Unicode>démocratie ; ayant échoué, ils vont essayer de militariser les </Unicode>
        </TextEquiv>
      </TextLine>

    
    
      <TextLine id="eSc_line_97814" >
        <Coords points="56,306 58,293 104,292 127,296 186,292 247,296 258,292 340,291 352,295 448,290 459,293 462,302 460,314 381,310 350,314 251,311 229,315 196,311 116,317 105,313 58,314"/>
        <Baseline points="56,306 462,302"/>
        <TextEquiv>
          <Unicode>démocraties, et ce sera facile. C’est commencé. Nos officiers de </Unicode>
        </TextEquiv>
      </TextLine>

    
    
      <TextLine id="eSc_line_97815" >
        <Coords points="57,327 60,315 167,317 196,312 350,315 356,311 398,311 410,315 434,313 441,321 438,332 418,334 58,334"/>
        <Baseline points="57,327 441,321"/>
        <TextEquiv>
          <Unicode>carrière, dans ma propre famille ne parlent que d’émigrer aux </Unicode>
        </TextEquiv>
      </TextLine>

    
    
      <TextLine id="eSc_line_97816" >
        <Coords points="58,347 59,335 96,334 127,338 197,334 232,339 237,335 265,333 442,333 452,334 460,343 454,356 432,357 290,352 253,356 60,356"/>
        <Baseline points="58,347 460,343"/>
        <TextEquiv>
          <Unicode>Etats-Unis, après la guerre, parce qu’en Europe il n’y aura plus </Unicode>
        </TextEquiv>
      </TextLine>

    
    
      <TextLine id="eSc_line_97817" >
        <Coords points="57,369 60,357 88,355 99,359 152,355 210,358 217,354 332,354 367,358 392,354 453,356 458,364 455,375 432,378 416,373 238,374 216,378 172,374 154,377 145,373 129,379 58,379"/>
        <Baseline points="57,369 458,364"/>
        <TextEquiv>
          <Unicode>rien à faire. Quand vos jeunes officiers arrivent en France, on </Unicode>
        </TextEquiv>
      </TextLine>

    
    
      <TextLine id="eSc_line_97818" >
        <Coords points="59,390 60,379 133,379 141,375 197,379 242,375 247,379 299,374 319,374 324,378 397,374 426,376 438,385 434,397 60,397"/>
        <Baseline points="59,390 438,385"/>
        <TextEquiv>
          <Unicode>leur inocule le mépris de tout ce qui n’est pas &quot;officier de </Unicode>
        </TextEquiv>
      </TextLine>

    
    
      <TextLine id="eSc_line_97819" >
        <Coords points="59,409 62,398 90,396 206,396 211,400 215,396 309,395 356,399 456,393 464,405 459,417 130,416 60,421"/>
        <Baseline points="59,409 464,405"/>
        <TextEquiv>
          <Unicode>carrière&quot; ; je vous l’ai écrit à propos de votre école d’aviation </Unicode>
        </TextEquiv>
      </TextLine>

    
    
      <TextLine id="eSc_line_97820" >
        <Coords points="60,430 61,421 76,419 304,419 328,415 455,416 464,427 457,439 390,434 61,440"/>
        <Baseline points="60,430 464,427"/>
        <TextEquiv>
          <Unicode>d’Issoudun; on ne leur dit pas que nos généraux n’ont commencé à </Unicode>
        </TextEquiv>
      </TextLine>

    
    
      <TextLine id="eSc_line_97821" >
        <Coords points="61,451 62,441 69,438 139,437 419,436 447,438 457,446 444,458 428,454 364,458 62,459"/>
        <Baseline points="61,451 457,446"/>
        <TextEquiv>
          <Unicode>résister victorieusement à l’agression allemande qu’à partir du </Unicode>
        </TextEquiv>
      </TextLine>

    
    
      <TextLine id="eSc_line_97823" >
        <Coords points="62,490 63,481 78,479 135,477 181,481 264,476 333,477 339,482 346,477 438,478 448,488 445,501 406,497 350,499 342,495 332,499 63,499"/>
        <Baseline points="62,490 448,488"/>
        <TextEquiv>
          <Unicode>ment des troupes et des officiers de réserves ; que nos troupes</Unicode>
        </TextEquiv>
      </TextLine>

    
    
      <TextLine id="eSc_line_97822" >
        <Coords points="63,471 64,459 98,457 137,461 174,457 186,460 428,456 471,459 474,467 472,475 450,481 412,476 186,476 114,480 90,477 65,481"/>
        <Baseline points="63,471 474,467"/>
        <TextEquiv>
          <Unicode>jour où, dès le mois de Septembre 1914, ils ont pu disposer large-</Unicode>
        </TextEquiv>
      </TextLine>

    
    
      <TextLine id="eSc_line_97824" >
        <Coords points="62,510 64,501 114,498 439,499 448,510 446,522 389,517 64,521"/>
        <Baseline points="62,510 448,510"/>
        <TextEquiv>
          <Unicode>territoriales, nos hommes de quarante ans et quarante-cinq ans, </Unicode>
        </TextEquiv>
      </TextLine>

    
    
      <TextLine id="eSc_line_97826" >
        <Coords points="64,551 66,542 87,540 247,542 266,538 360,538 458,540 466,542 469,552 463,562 364,560 350,556 266,558 252,562 230,558 65,561"/>
        <Baseline points="64,551 469,552"/>
        <TextEquiv>
          <Unicode>etc… ont pris la place de la soi-disant armée de choc du service </Unicode>
        </TextEquiv>
      </TextLine>

    
    
      <TextLine id="eSc_line_97825" >
        <Coords points="65,532 66,520 85,518 208,522 254,519 260,523 281,517 345,521 385,518 406,523 425,520 453,524 459,530 452,541 266,536 261,540 66,541"/>
        <Baseline points="65,532 459,530"/>
        <TextEquiv>
          <Unicode>ingénieurs, professeurs, savants, cultivateurs, ouvriers, etc… </Unicode>
        </TextEquiv>
      </TextLine>

    
    
      <TextLine id="eSc_line_97827" >
        <Coords points="65,572 66,561 101,558 214,558 249,563 280,559 446,562 457,571 454,586 445,584 431,591 423,583 415,590 404,582 372,586 366,580 356,585 336,582 322,589 315,583 303,585 294,579 283,584 277,579 257,583 251,579 245,585 229,579 205,583 199,579 171,593 155,580 127,581 121,585 112,579 103,588 98,584 79,586 66,581"/>
        <Baseline points="65,572 457,571"/>
        <TextEquiv>
          <Unicode>de trois ans, presque anéantie. On ne leur dit pas que c’est la </Unicode>
        </TextEquiv>
      </TextLine>

    
    </TextRegion>
    
  </Page>
</PcGts>
