480 640
209 12 250 46 - 6 -
35 39 461 84 telle, - (malgré la paix inimaginable du Gouvernement allemand avec
35 90 438 125 allemand se résigne à signer une paix générale acceptable. Une
36 68 467 105 l’Ukraine et la démobilisation complète russe,) que le Gouvernement
34 114 461 148 question restera à régler: celle des garanties de cette paix ; celle
33 155 414 189 forme contre violation toujours à craindre de cette paix.
31 134 462 171 €€ des sanctions que devra prendre la Société des Nations qui se
34 196 456 229 mer mais pour prévenir cette violation ? C’est là ce que tout le
139 174 458 209 Quelles sanctions entrevoyons-nous, non pour répri-
31 220 455 248 monde a réclamé jusqu’ici en vain, - mais ce qui s’élabore pourtant
32 241 456 268 peu à peu, sous la leçon douloureuse des événements. On entrevoit
32 282 423 311 l’Etat qui voudrait de nouveau nuancer la paix : les sanctions
34 262 467 297 quatre degrés de sanctions successives vraiment impressionnantes pour
34 305 435 332 diplomatiques et les sanctions juridiques, toutes deux aisément
32 348 448 374 miques, dont l’organisation exige le complet accord et la coopéra-
34 326 446 353 applicables par décisions gouvernementales ; les sanctions écono-
33 368 449 395 tion des contractants, et qui, moyennent cette organisation diffi-
33 389 446 418 cile, il est vrai, mais non impossible, pourront être tout à fait
33 411 438 439 efficaces ; enfin, et, en dernier ressort, bien entendu, et à la
33 426 439 460 dernière extrémité qu’il faut prévoir, les sanctions militaires.
33 450 467 481 ££J’££avoue que, pour ma part, je ne croyais pas beaucoup à ces dernières
33 472 452 499 sanctions : je les redoutais comme un danger, peut-être plus grand
35 491 454 528 que le mal ; je le vois pour s’ébaucher dans notre Commission,
35 511 419 539 avec une précision et une clarté inespérées, et avec toute la
35 532 426 574 prudence nécessaire, sur la proposition même de nos distingués
36 553 263 589 collègues du Ministère de la Guerre.
133 568 428 613 Pour m’en tenir à nos sanctions économiques, la
