480 640
193 21 243 48 - 10 -
42 49 465 91 organisées à l’avance de telle sort qu’elles puissent s’appliquer,
43 80 454 126 au besoin, comme les précédents, sans délai, si les trois autres
42 101 177 131 ont été inefficaces.
145 206 471 234 Ce sont là de très grands progrès en germe, - et qui
45 229 456 254 répondent au noble effort de négociation publique de M. le Prési-
44 252 450 275 dent Wilson. Dans mon désir de seconder, comme je le dois, c et
46 273 452 297 effort dont le monde entier, à commencer par mon pays, profitera,
45 294 468 320 je pense que vous pourriez peut-être communiquer confidentiellement
45 316 433 339 cette lettre à son ami, le Colonel House, dont je n’oublierai
46 334 470 363 jamais le cordial accueil à Austin, en 1911 et que j’ai été heureux
45 358 441 381 de revoir à Paris, depuis la guerre. En voici à tout hasard un
45 378 373 404 double exemplaire, car il lit très bien le français.
147 396 474 425 J’aurais aimé aussi, dans le cas où vous le jugeriez
45 420 460 447 utile et convenable, qu’il eût connaissance personnelle des appels
44 441 412 463 que je me suis permis de vous adresser en vue d’arrêter la
45 459 462 487 démocratie des Etats-Unis sur une pente où il est difficile que la
48 482 448 506 guerre ne l’entraîne pas. J’ai résumé mon inquiétude par cette
48 502 341 529 formule qui exprime la complexité du problème:
107 521 366 550 Mobilisez-vous, ne vous militarisez pas.
147 546 467 581 Si vous n’y prenez garde, les éléments militaristes
49 563 469 611 existant dans tous les pays, et se voyant discrédités pour longtemps
