480 640
241 19 282 47 - 9 -
55 49 467 88 courage de proclamer plus que jamais que la sanction de l’opinion
56 82 461 107 comporte tout d’abord l’éducation d’une opinion, affranchie de la
56 102 466 130 presse sensationnelle et que cette sanction ne peut pas, plus que
58 124 471 149 les autres, s’improviser.-. Et, s’il en est ainsi, préparons avec
58 146 438 172 d’autant plus de soin l’application des sanctions économiques
57 166 448 202 puisqu’elles dépendront du concours de l’opinion; elles feront
58 191 283 216 partie de l’éducation de l’opinion.
159 244 478 274 Quoiqu’il en soit, je m’étais abstenu d’entrer avec
59 269 463 298 vous, jusqu’ici, dans ces détails plus ou moins confidentiels et
60 293 463 318 forcément encore nuageux, parce que le Gouvernement n’avait rien
59 314 443 338 dit, mais le discours de Clémentel me permet de vous tenir au
59 331 475 360 courant et je termine en insistant bien nettement, au risque de me
60 356 470 381 répéter une fois de plus, sur les quatre degrés de sanctions dont
61 377 460 402 la société des Nations disposera pour prévenir la guerre et non
62 396 464 423 pas seulement pour punir ceux qui l’auront fomentée ou déclarée.
64 418 478 442 Ces quatre sortes de sanctions, positives, précises, et indépendam-
61 440 479 465 ment de la sanction supérieure mais pratiquement encore inexistante
62 460 391 484 de l’opinion ou de la conscience universelle, seront :
124 480 269 504 1°,-   diplomatiques -.
125 499 478 525 2°,- juridiques.-.     Celles-là, vous les connaisse
125 521 478 545 3°,- économiques :   blocus, refus des matières premières
62 541 455 575 nécessaires à l’Etat délinquant et réservées aux Etats fidèles.
125 562 442 606 4°,- militaires.-. Ces dernières assurées et
