480 640
207 11 243 42 - 4 -
37 34 426 74 aujourd’hui d’une efficacité presque complète, même en ce qui
37 68 454 95 concerne les neutres, si la défection de la Russie et le désastre
37 87 450 116 roumain qu’elle a entrainé n’avaient pas ouvert à l’Allemagne l’espé-
37 110 438 137 rance de rompre son isolement par terre. La colonisation de la
38 132 423 158 Russie et de l’Asie par l’Allemagne, si l’Allemagne reste ce
37 154 468 182 qu’elle est, et quand la Russie cessera d’être anarchique, enlèvera
38 178 384 202 au blocus maritime une part considérable de son effet.
41 203 443 243 telligence des Alliés qui n’a finalement rien trouvé de décisif
138 197 455 224 Mais le blocus n’a été qu’une première étape ; l’in-
42 241 462 264 dans le traditionnel domaine militaire des "officiers de carrière",
39 261 455 288 a pu s’ingénier plus heureusement dans l’indépendance des recher-
41 284 442 306 ches individuelles de l’esprit moderne. – (Là encore, quoiqu’en
41 304 469 330 disent les nationalistes, c’est le civil qui aura "sauvé la guerre",
41 325 445 352 dans la mesure où elle pouvait être sauvée ; et c’est pourquoi je
44 346 434 371 ne cesse, dans ma correspondance avec vous, de vous mettre en
41 368 445 392 garde contre l’imbécile campagne qui consiste à faire du Nouveau
43 386 474 412 Monde le refuge et la Jérusalem nouvelle de "l’officier de carrière".)
43 409 443 433 Deux nouvelles étapes, deux moyens d’action se sont imposés avec
44 429 432 455 la prolongation indéfinis de la guerre et comme la conséquence
44 443 469 487 de l’union des Alliés. Les moyens vaudront exactement ce que vaudra
48 470 199 509 cette union. Les voici :
100 498 470 525 A.-      A l’appui du blocus, l’arme économique, ou la
49 522 459 547 politique des matières premières. Cette politique n’est pas et ne
46 563 451 602 domination. Le Président Wilson a pris soin, sagement de mettre
47 541 450 567 doit pas être une politique d’agression, une arme offensive et de
