480 640
211 20 261 51 - 12 -
53 47 429 87 Nation Armée et par conséquent la démocratie, qui a sauvé la
50 77 99 103 France.
52 118 455 148 qui nous a coûté si cher dans le passé, le fétichisme de l’offi-
148 101 452 127 Ainsi se propage aux Etats-Unis la grande erreur,
52 143 460 169 cier de carrière et de l’armée professionnelle, anachronisme con-
52 164 466 189 damné chez nous et dont on voudrait faire chez vous une nouveauté,
51 187 456 210 une carrière : la carrière militaire aux Etats-Unis !! Cela est
53 208 460 233 si vrai que vos journaux, inspirés des nôtres, tous dépendant des
55 228 468 257 nouvelles que leur donnent nos cercles militaires et mondains, ont
56 250 470 275 commencé, plus ou moins ouvertement, leur campagne odieuse, parti-
55 272 445 293 culièrement dans le Nouveau-Monde, contre la vraie armée d’une
55 313 455 338 Révolution française. Ils ont poussé leur mystification jusqu’à
56 292 460 317 démocratie, celle qui fut victorieuse de l’Europe entière sous la
57 334 450 359 vouloir vous dégoûter de vous-même, c’est-à-dire du peuple, de
58 356 465 380 la nation, des troupes et des officiers de réserve, et même de la
58 376 435 401 justice civile. ££I££ls ont eu beau jeu ; chaque pays maudissant
57 397 464 422 plus ou moins ses juges ; mais la justice civile est tout de même
56 438 424 463 guerre. A défaut des victoires qu’elle nous promettait, la
58 416 440 441 un grand progrès sur les exécutions sommaires des Conseils de
59 459 455 484 presse sensationnelle cherches des diversions et des occasions de
59 478 472 503 revanche ; elle nous pousse, sous prétexte de discipline et de pré-
56 499 475 525 caution€.€ contre les abus de la liberté,à réhabiliter les pires abus
60 520 460 545 du militarisme. Et la voici qui veut convertir la France et ses
60 540 474 574 Alliés aux plus lamentable reculs. C’est avec une grande tristesse
