480 640
204 4 248 43 - 5 -
35 44 436 80 les Gouvernements européens en garde contre ce retour d’un mili-
32 72 439 102 tarisme déguisé sous un masque civil. La politique des matières
34 96 427 123 premières consiste pour les Alliés à dresser le bilan de leurs
35 112 450 145 ressources et de leurs besoins ; cela fait, les matières premières
35 137 439 165 nécessaires à chacun d’eux seront réservés par tous à la commu-
36 162 331 191 nauté, à l’exclusion naturellement des ennemis.
132 177 453 206 L’Allemagne se trouve donc ainsi privée, pendant la
37 201 448 229 guerre et jusqu’à la fin de la guerre, de ces matières premières
39 221 442 249 indispensables à son alimentation et à son industrie, par consé-
38 243 437 270 quent à sa vie ; et on estime que cette privation doit l’amener
39 263 453 293 à demander la paix, comme elle le fait ; mais non pas un mensonge,
40 285 426 313 une contrefaçon allemande de la paix, mais une vraie paix, la
40 308 350 336 paix du droit, la paix durable, la paix du Monde.
137 324 454 354 L’arme économique n’est donc qu’un moyen d’obliger
42 348 460 377 le militarisme allemand à reconnaître l’impuissance de ses crimes,
42 369 436 397 et finalement à disparaître, avec tous les autres militarismes ;
44 390 446 418 elle est une protection plutôt qu’une arme ; elle est un bienfait
44 412 379 441 po r la civilisation et une menace pour la barbarie.
87 429 454 471 B.-      Reste la troisième étape.-. L’isolement de
44 462 459 495 l’Allemagne est assuré plus ou moins étroitement par le blocus. La
45 483 457 515 privation des matières premières dont elle ne peut se passer gêne
46 504 454 536 grandement son action militaire et provoque, dans l’opinion alle-
49 525 451 555 mande, des mécontentements, des discussions dont la lumière peut,
49 545 451 576 à la longue, éclairer jusqu’à l’obscurité volontaire ou involon-
50 565 443 611 taires des esprits caporalisés.-. Supposons que cette gêne soit
