480 640
207 11 262 46 - 13 -
43 63 467 95 aux garanties essentielles qui faisaient leur honneur et leur force;
44 35 458 75 que je vois les Gouvernements de nos alliés sollicités de renoncer
43 108 437 138 de bonne foi, mais aveuglément, à des manœuvres qu’ils ne nous
45 84 466 119 XXXXXXXX malheur à eux, malheur à nous, s’ils se laissent entraîner
44 130 429 158 pardonneront pas et qu’ils ne se pardonneront pas à eux-mêmes,
45 151 456 178 quand ils découvriront qu’elles sont entreprises contre la vérité.
46 191 400 224 difficile certes, mais qu’il faut d’autant plus méditer:
141 174 427 201 Je reviens donc à ma formule d’une application
133 222 391 256 Mobilisez-vous, ne vous militarisez pas,
46 253 457 285 Si vous ne voulez pas tomber du régime idéal de vos libertés exem-
46 278 384 311 plaires dans les bassesses classiques de la dictature.
203 316 383 351 Votre affectueusement dévoué,
192 347 423 412 ££ ££ ££
4 413 254 456 à Monsieur le Président N.Murray BUTLER.
105 442 172 472 NEW-YORK.
