480 640
205 19 243 44 - 7 -
32 50 420 86 nécessité d’organiser d’abord le blocus, puis la privation des
34 76 424 106 matières premières a conduit les Alliés, d’effort en effort, à
35 98 427 127 une série de progrès d’ordre national, puis, de négociation en
35 117 437 146 négociation, à une série de progrès d’ordre internationale.-. On
36 140 433 168 est donc arrivé à prévoir comme une des sanctions de la paix, et
35 162 436 191 pour le temps de paix, le refus collectif des matières premières
36 183 441 218 contre l’Etat qui mettrait la paix en danger. Cette menace, pour
37 204 401 244 être sérieuse comporte une double organisation préalable:
85 234 449 263 A.-            Organisation intérieure :         Chaque Etat,
37 260 443 286 membre de la Société des Nations, €€ être prêt à s’abstenir,
245 250 284 268 ££
39 272 452 306 en d’autres termes, à se priver lui-mêm e, en temps de paix, comme
36 301 417 326 aujourd’hui en temps de guerre, d  e tout commerce avec l’Etat
36 321 404 347 délinquant ou récalcitrant ; il convient         dès à présent, de
283 314 311 329 ££
39 342 431 371 prévoir et d’atténuer, dans la mesure possible, cette privation
36 363 448 389 sub  ite, ce sacrifice plus ou moins sensible€.€ pour le commerce et
36 385 421 416 la production de chacun des pays qui appliqueront la sanction.
87 407 452 440 B.-        Organisation internationale.        Afin que
38 431 437 460 la sanction soit bien appliquée par tous, quelle que puisse être
39 453 447 482 l’inégalité des sacrifices imposés aux uns plus qu’à d’autres, il
40 474 434 502 – et cela, d’ailleurs, pour le plus grand bien général, - de tenir
40 494 442 523 très exactement à jour le bilan des ressources et des besoins de
43 537 436 564 tionner un système de compensation, d’assurance ou d’assistance
44 515 441 544 chacun et de tous ; cela fait, on pourra et on devra faire fonc-
42 552 446 600 mutuelle, peu importe le mot, tel que chacun participe à l’effort
