480 640
212 12 252 43 - 2 -
40 32 420 71 rapport devant la prochaine conférence interparlementaire de
42 58 454 90 Londres. Cette conférence a été ajournée. La question n'en reste
44 82 446 115 pas moins à l'ordre du jour : elle est même devenue peu/ à peu la
42 104 150 135 question du jour.
136 126 431 152 A mesure que les moyens militaires apparaissent
43 144 439 174 comme insuffisants pour mettre fin à la guerre, - ( ce qui, par
44 167 435 194 parenthèse, n'est pas à l'honneur du militarisme), - on est bien
42 188 440 214 obligé de chercher autre chose, et c'est ainsi qu'on est arrivé,
43 209 452 237 du côté des Alliés, à l'emploi concerté des forces économiques de
44 229 436 258 chacun contre l'ennemi commun. - L'arme économique n'est donc
44 252 433 279 qu'un moyen de suppléer à l'insuffisance de la force navale et
43 272 416 301 militaires des Alliés, comme la terrorisation est le moyen du
42 293 460 320 militarisme allemand ; mais, par un paradoxe inattendu, l'emploi de
43 315 449 341 cette arme exige une organisation collective des États  tellement
45 336 441 363 étudiée qu'elle devient, en fait, une préparation de la Société
45 357 450 380 des Nations. C'est pendant la guerre et sous la contrainte de la
46 378 455 405 guerre que les Gouvernements auront été réduits à faire le premier
47 399 327 429 essai d'une organisation sérieuse de la paix!
138 418 455 445 Cela est si vrai que l'arme économique fait l'objet
47 437 419 465 de nos discussions les plus approfondies et, à mon avis, les
48 461 427 485 plus utiles, à la Commission "pour l'étude de la Société des
48 482 355 507 Nations", qui siège aux Affaires Etrangères et dont
51 523 459 549 je vous €€ ai parlé. - Je ne puis naturellement me départir, sur ce
52 541 426 569 point, du secret professionnel. Je puis cependant, et je dois
52 563 437 596 insister sur les initiatives répétées, hardies et excellentes de
