960 1280
237 51 599 106 3°, - LES REPRÉSAILLES €?€
261 121 816 187 C’est une question terriblement complexe mais
67 167 857 229 sur laquelle il est impossible que le Gouvernement n’exprime pas
71 221 356 263 nettement son opinion.
265 252 834 308 On me cite les déclarations publiques de M. le
71 303 841 349 Professeur Louis Renault, Jurisconsulte du Ministère des Affai-
73 344 831 387 res Etrangères, dont la haute autorité est universellement re-
73 382 839 430 connue. J’ai le plus grand respect pour l’opinion de M. Louis
74 422 834 471 Renault ; mais il est clair que ni lui ni aucun autre juriscon-
82 460 844 510 sulte international n’a pu prévoir, avant la guerre, les crimes
86 502 828 553 sans nom dont le Gouvernement allemand se rendait coupable en
89 540 802 591 déclarant cette guerre et en la poursuivant au mépris de ses
85 580 802 631 engagements les plus solennels, au mépris des traités signés
88 620 838 673 par lui, au mépris du droit des gens et du Droit de l’Humanité.
91 698 834 750 aussi, bien entendu, que l’armée Française, - dans l’hypothèse
276 661 822 708 Cela dit, je suis le premier à proclamer, moi
91 777 866 828 avançant, à son tour, sur le territoire allemand, - n’y commettra
95 744 834 789 où s’est placé M. Louis Renault, c’est-à-dire l’armée Française
91 818 844 867 pas les crimes qui ont déshonoré l’armée allemande. Aucun chef
94 912 186 947 terait
95 856 825 906 Français ne les ordonnera ; aucun soldat Français ne les exécu-
255 932 847 979 Cela est l’évidence ; je n’ai pas besoin de le dé-
94 974 711 1038 clarer ; €Nous€ €le€ €savons€ €tous€; tout le monde le sait.
285 1011 817 1060 Mais, il y a une autre hypothèse en face de la-
98 1049 814 1096 quelle nous sommes bien obligés de nous placer, car cette hypo-
100 1085 802 1134 thèse, l’Allemagne en a fait une effroyable réalité : c’est le
103 1124 798 1177 système de terrorisation allemande, employé froidement et de
