960 1280
425 53 625 107 LETTRE N°169.
56 110 202 169 SÉNAT
615 111 935 166 PERROS-GUIREC, Août 1916.
319 211 719 282 LA FRANCE HABITUÉE à la GUERRE.
507 304 705 343 Mon cher Butler,
321 400 898 445 Une guerre prolongée m’avait toujours semblé ne
162 487 929 534 qu’elle présente aussi beaucoup d’avantages pour bien des gens,
165 445 922 487 pouvoir être qu’un mal. Deux années d’expérience m’apprennent
165 528 942 573 - (sans parler des neutres) – et pour les seuls pays belligérants.
164 608 901 654 une tradition en faveur de cette monstruosité, et je prévois
167 570 914 610 Je m’explique maintenant qu’il se soit établi si profondément
167 651 952 698 comment et pourquoi la vieille erreur que nous croyions condamnée
167 731 938 775 certes, y auront perdu, mais, parmi ceux-là, les uns, les meil-
172 691 919 738 pourra survivre à la guerre actuelle. Beaucoup de malheureux,
170 812 923 853 accablés de travail, muets de chagrin, tandis qu’un plus petit
172 770 950 815 leurs, auront disparu, les autres seront sans force, inorganisés,
175 850 941 896 nombre, enrichis ou enorgueillis du deuil général, resteront une
176 888 949 933 réclame vivante et agissante pour la guerre. Non seulement ceux-
177 928 940 974 là devront eux-mêmes à la guerre tout ce qu’ils seront, mais ils
178 1004 935 1055 l’avenir de leurs enfants et de leurs émules. Toute la considé-
180 969 918 1013 feront souche ; ils feront école ; leur succès passé orientera
183 1047 929 1101 ration, tous les avantages, tout l’orgueil qu’ils auront gagnés
95 1123 574 1179 à Monsieur le Président N.Murray BUTLER.
