<?xml version="1.0" encoding="UTF-8"  standalone="yes"?>
<PcGts xmlns="http://schema.primaresearch.org/PAGE/gts/pagecontent/2019-07-15" xmlns:xsi="http://www.w3.org/2001/XMLSchema-instance" xsi:schemaLocation="http://schema.primaresearch.org/PAGE/gts/pagecontent/2019-07-15 http://schema.primaresearch.org/PAGE/gts/pagecontent/2019-07-15/pagecontent.xsd">
  <Metadata>
	<Creator>escriptorium</Creator>
	<Created>2021-03-18T09:58:12.221541+00:00</Created>
    <LastChange>2021-03-18T09:58:12.221562+00:00</LastChange>
  </Metadata>
  <Page imageFilename="P1150436.JPG" imageWidth="960" imageHeight="1280">

    

    
    <TextRegion id="eSc_dummyblock_">
    
    
      <TextLine id="eSc_line_120599" >
        <Coords points="453,54 468,38 474,36 479,40 493,33 502,41 512,35 519,39 530,28 543,41 550,35 560,39 571,35 576,40 592,37 597,41 602,36 612,41 643,36 649,42 661,40 674,51 684,48 686,57 683,76 669,73 659,77 654,72 648,76 613,74 604,64 587,77 579,72 557,78 545,72 541,75 515,69 508,73 494,68 488,74 476,72 469,78 461,70 454,71"/>
        <Baseline points="453,54 686,57"/>
        <TextEquiv>
          <Unicode>10 Juillet 1916 </Unicode>
        </TextEquiv>
      </TextLine>

    
    
      <TextLine id="eSc_line_120600" >
        <Coords points="153,169 157,153 177,147 200,164 214,151 229,155 236,152 245,159 264,150 283,156 309,151 376,156 391,151 399,153 406,147 415,155 468,156 476,164 489,152 518,158 531,154 549,161 567,153 571,157 586,156 593,163 614,152 620,156 647,157 674,154 686,166 698,168 695,179 687,186 672,191 663,186 655,191 638,186 631,193 598,184 587,189 494,187 486,194 470,188 461,194 451,186 431,192 418,187 394,192 387,185 334,188 306,184 299,188 249,181 218,187 198,172 172,189 154,175"/>
        <Baseline points="153,169 698,168"/>
        <TextEquiv>
          <Unicode>I° LA FRANCE PACIFIQUE AVANT LA GUERRE. </Unicode>
        </TextEquiv>
      </TextLine>

    
    
      <TextLine id="eSc_line_120602" >
        <Coords points="82,283 85,264 90,263 114,275 129,265 142,271 157,265 176,272 196,267 212,277 220,271 235,270 242,274 262,267 294,271 313,261 339,272 351,267 356,271 386,268 393,273 403,273 411,267 419,272 432,267 442,272 449,267 457,271 471,262 492,270 502,264 528,270 549,265 557,270 569,266 590,269 596,265 604,270 610,266 627,269 632,265 658,270 670,265 698,271 709,266 723,274 736,268 753,269 761,263 783,270 791,265 799,269 836,270 847,264 878,270 886,276 889,286 880,300 867,296 848,298 833,309 818,309 810,304 797,309 782,300 771,307 762,304 742,309 716,298 694,309 684,308 672,299 651,310 639,301 623,313 615,308 587,308 579,303 564,310 545,308 526,297 506,310 499,306 447,311 397,308 362,313 350,308 327,313 304,298 286,310 277,307 258,314 243,303 233,310 212,307 207,311 192,303 181,311 153,314 118,295 111,300 84,298"/>
        <Baseline points="82,283 889,286"/>
        <TextEquiv>
          <Unicode> La France a conquis une autorité morale d&#39;autant plus grande, </Unicode>
        </TextEquiv>
      </TextLine>

    
    
      <TextLine id="eSc_line_120603" >
        <Coords points="28,333 30,320 44,315 63,315 81,321 92,315 104,318 129,313 148,322 162,312 181,313 189,318 196,313 220,311 231,316 242,313 271,319 289,314 305,316 312,310 333,321 341,315 353,317 358,313 385,321 415,312 442,317 470,310 489,318 494,314 535,311 561,324 576,314 623,313 631,309 655,310 668,318 687,308 704,316 718,309 725,313 735,310 747,318 760,312 783,311 805,311 814,316 838,310 844,314 852,308 871,318 874,327 871,337 840,346 823,341 797,345 780,340 720,357 710,352 704,356 684,353 677,348 663,354 650,345 639,352 626,354 615,347 578,359 561,352 530,352 523,357 495,345 482,354 457,351 430,358 422,352 394,358 369,342 354,344 337,339 316,344 304,338 259,358 231,358 225,354 216,359 189,341 148,347 142,343 111,358 70,344 38,346 31,341"/>
        <Baseline points="28,333 874,327"/>
        <TextEquiv>
          <Unicode>aux yeux du monde et à ses propres yeux, qu&#39;elle était profondé-</Unicode>
        </TextEquiv>
      </TextLine>

    
    
      <TextLine id="eSc_line_120604" >
        <Coords points="27,378 29,364 49,364 61,358 70,363 81,358 97,369 115,358 131,357 141,362 154,363 161,358 180,363 194,356 211,365 225,357 239,367 257,359 279,369 304,359 311,362 316,358 336,358 355,370 371,360 415,360 421,356 436,364 453,356 478,367 494,357 533,360 546,355 569,368 586,356 619,354 646,363 658,358 669,364 685,356 701,356 731,370 749,357 769,362 778,356 792,360 836,357 859,375 829,390 823,386 789,389 775,381 764,389 751,388 733,400 715,395 701,397 688,388 675,397 658,397 649,390 638,396 624,395 610,386 592,388 578,380 568,386 538,386 518,397 509,391 498,399 480,390 471,396 459,393 446,400 438,394 425,401 402,388 370,390 359,383 324,401 280,397 260,403 247,393 235,401 219,401 209,395 179,405 116,396 94,402 50,401 29,387"/>
        <Baseline points="27,378 859,375"/>
        <TextEquiv>
          <Unicode>ment attachée à la paix, avant la guerre. Elle a cru, de bonne </Unicode>
        </TextEquiv>
      </TextLine>

    
    
      <TextLine id="eSc_line_120605" >
        <Coords points="33,421 38,407 54,403 62,407 71,403 94,419 107,410 122,414 135,405 178,406 190,411 211,400 223,407 237,404 255,413 264,407 292,402 355,406 377,401 395,407 401,403 426,404 449,399 457,402 465,396 481,405 489,401 514,405 527,400 541,409 563,401 612,404 640,397 666,404 699,399 723,400 733,405 743,398 768,404 820,404 825,400 839,404 848,399 872,420 869,434 857,439 822,440 815,444 802,436 795,441 782,438 768,445 757,440 738,440 728,445 718,438 697,445 690,441 658,443 640,436 627,442 605,443 584,436 571,443 563,438 554,442 543,434 522,444 503,439 496,444 482,443 471,437 457,447 445,439 422,445 405,440 356,443 341,437 328,445 315,441 293,447 259,444 240,432 209,431 184,444 132,444 122,448 104,438 80,448 61,435 36,433"/>
        <Baseline points="33,421 872,420"/>
        <TextEquiv>
          <Unicode>foi, - sans rien oublier du passé dont elle attendait fermement </Unicode>
        </TextEquiv>
      </TextLine>

    
    
      <TextLine id="eSc_line_120606" >
        <Coords points="37,463 41,449 77,453 98,445 116,453 163,447 171,450 178,446 187,452 198,449 217,455 227,451 250,452 257,447 270,453 278,447 299,450 316,444 350,450 357,445 375,444 388,453 397,449 411,454 424,446 445,445 461,450 475,441 489,448 507,447 515,453 522,448 590,441 598,445 629,444 634,448 666,442 701,445 708,450 722,442 752,447 759,452 808,441 823,448 849,445 868,460 854,474 829,487 777,484 758,470 730,484 660,485 633,468 613,483 592,473 561,476 546,486 536,487 523,477 507,486 493,484 487,488 477,484 467,489 449,485 439,490 410,469 405,473 399,471 384,482 377,478 351,490 329,487 306,472 293,479 282,478 269,469 239,488 182,491 171,483 160,488 147,479 133,489 115,492 86,486 66,491 50,489 39,482"/>
        <Baseline points="37,463 868,460"/>
        <TextEquiv>
          <Unicode>la réparation par le Droit, - que les conflits entre les nations </Unicode>
        </TextEquiv>
      </TextLine>

    
    
      <TextLine id="eSc_line_120607" >
        <Coords points="40,512 43,496 47,494 92,497 99,492 109,498 126,498 137,492 155,503 176,490 191,501 206,494 237,496 244,491 275,496 283,490 289,494 312,494 320,488 336,499 347,491 373,498 393,493 404,485 415,490 429,488 465,495 473,490 495,491 503,497 526,488 568,494 578,490 599,491 606,495 636,487 643,492 656,488 670,495 679,489 701,488 721,494 732,487 758,496 769,489 802,491 809,486 851,486 859,491 870,490 889,505 886,513 857,531 818,522 809,528 781,525 766,531 742,524 729,531 715,532 699,521 687,528 634,530 628,526 600,529 581,523 566,531 549,522 534,532 523,528 487,530 482,534 473,529 413,531 403,525 389,532 355,529 341,538 325,530 308,531 298,524 275,533 265,527 238,534 208,531 191,519 169,534 146,534 136,527 119,535 109,531 100,535 89,533 80,527 70,534 52,534 42,527"/>
        <Baseline points="40,512 889,505"/>
        <TextEquiv>
          <Unicode>devaient et pourraient se régler de plus en plus par la concilia-</Unicode>
        </TextEquiv>
      </TextLine>

    
    
      <TextLine id="eSc_line_120608" >
        <Coords points="40,556 42,540 48,537 83,542 88,539 105,548 115,540 129,538 141,545 156,537 174,541 210,536 229,543 243,535 267,540 274,535 308,533 339,545 352,535 370,533 402,535 413,543 424,535 438,542 450,533 488,536 505,528 521,535 563,536 584,531 589,535 612,535 619,540 646,531 653,536 676,530 726,537 737,532 760,539 772,531 789,533 797,529 816,535 825,533 851,547 842,549 812,571 789,568 783,572 763,572 752,565 740,574 725,564 716,571 683,568 675,574 662,566 639,575 622,565 616,570 580,570 572,575 535,572 524,566 512,573 499,569 468,577 452,570 411,571 399,577 386,567 378,573 356,575 345,569 328,577 297,566 278,578 260,573 220,575 201,565 184,575 129,574 111,579 90,575 82,580 75,576 52,579 42,572"/>
        <Baseline points="40,556 851,547"/>
        <TextEquiv>
          <Unicode>tion ou par la Justice. Elle a donné maintes preuves de cette </Unicode>
        </TextEquiv>
      </TextLine>

    
    
      <TextLine id="eSc_line_120609" >
        <Coords points="45,600 47,584 53,581 61,586 88,580 118,584 144,580 173,584 184,590 199,579 253,583 261,577 268,582 289,581 298,587 317,576 338,580 347,587 361,577 375,574 384,581 402,581 421,574 435,580 451,580 460,574 480,584 499,577 521,580 531,572 548,580 560,579 574,588 591,574 612,577 621,573 645,583 653,577 672,584 687,579 696,585 713,575 718,579 725,575 739,578 747,573 790,577 803,571 815,579 831,573 862,594 844,605 826,607 806,616 792,615 778,607 762,613 752,606 737,617 720,611 687,615 675,608 654,618 648,614 642,618 624,605 601,604 579,614 529,615 522,620 496,609 479,618 455,606 422,621 409,617 394,622 379,615 304,621 242,617 224,622 206,618 198,623 166,616 155,623 149,619 133,622 119,620 108,612 97,620 59,623 47,617"/>
        <Baseline points="45,600 862,594"/>
        <TextEquiv>
          <Unicode>conviction au cours des dernières années. Elle y a confirmé sa </Unicode>
        </TextEquiv>
      </TextLine>

    
    
      <TextLine id="eSc_line_120610" >
        <Coords points="45,642 47,628 64,629 79,622 97,624 103,629 128,622 159,634 178,624 196,623 208,631 215,626 248,624 259,631 282,622 296,626 312,621 324,629 342,623 356,626 366,618 379,625 388,621 402,629 420,621 431,626 443,620 484,624 493,617 508,626 518,619 545,627 555,621 570,621 578,626 587,619 647,620 658,626 672,618 683,622 696,618 718,629 729,622 755,617 786,625 807,618 816,622 848,618 859,622 862,635 860,657 850,661 835,654 826,656 816,649 802,659 787,653 742,657 721,644 692,659 672,653 658,659 601,659 584,650 576,656 560,657 542,644 515,658 496,662 488,657 474,662 435,658 417,663 395,654 386,660 371,659 359,664 346,655 307,661 288,660 278,653 266,663 259,663 240,653 228,652 216,661 194,660 183,667 169,660 149,665 116,662 108,668 101,664 92,668 82,663 75,667 58,664 48,658"/>
        <Baseline points="45,642 862,635"/>
        <TextEquiv>
          <Unicode>conduite. Il est vrai qu&#39;on a abusé de sa bonne foi ; mais c&#39;est </Unicode>
        </TextEquiv>
      </TextLine>

    
    
      <TextLine id="eSc_line_120611" >
        <Coords points="43,682 54,670 95,671 101,666 111,671 145,667 150,671 182,669 197,675 223,667 235,676 247,668 259,667 273,673 287,665 327,665 352,674 361,668 382,669 390,664 404,669 434,667 443,662 449,666 464,660 480,667 491,661 510,674 526,662 548,664 555,659 582,673 592,666 607,671 621,660 651,659 662,666 670,661 688,665 694,661 714,664 732,659 740,664 763,664 779,674 798,660 812,665 823,659 841,665 859,678 854,699 826,699 809,691 792,692 785,688 766,700 739,689 726,697 710,699 698,691 682,700 657,698 635,702 609,687 592,694 581,687 565,699 529,701 517,697 498,703 468,693 461,693 446,704 425,704 411,694 396,703 376,699 369,704 321,693 312,700 305,696 290,704 271,693 221,707 206,704 193,695 177,707 163,697 151,697 142,704 87,708 74,698 60,696 55,700 45,693"/>
        <Baseline points="43,682 859,678"/>
        <TextEquiv>
          <Unicode>son honneur et sa force aujourd&#39;hui. Elle a été surprise, mais </Unicode>
        </TextEquiv>
      </TextLine>

    
    
      <TextLine id="eSc_line_120612" >
        <Coords points="43,729 46,719 58,710 73,715 94,711 107,718 121,710 134,712 145,720 169,710 204,712 213,706 226,712 245,708 255,712 266,707 278,716 291,710 313,718 321,711 341,708 365,717 375,710 390,708 472,711 504,705 512,709 570,708 582,717 591,717 606,705 618,707 625,703 632,708 657,704 671,714 683,707 708,704 723,709 776,702 797,708 810,704 821,712 845,705 865,716 868,723 864,733 842,742 798,741 788,734 771,731 748,742 730,737 722,744 710,740 686,743 675,735 666,742 648,742 641,747 624,735 591,749 560,736 547,745 527,744 513,738 495,746 485,743 470,747 455,736 444,736 426,746 402,750 392,743 376,748 359,744 330,747 322,741 311,748 286,744 256,749 246,743 241,747 219,748 205,739 194,747 179,741 169,748 140,745 114,751 94,747 87,752 45,734"/>
        <Baseline points="43,729 868,723"/>
        <TextEquiv>
          <Unicode>dans la sincérité de son effort pacifique. C&#39;est aujourd&#39;hui un </Unicode>
        </TextEquiv>
      </TextLine>

    
    
      <TextLine id="eSc_line_120613" >
        <Coords points="49,773 51,758 62,753 99,761 145,748 153,754 163,748 185,759 203,752 225,762 242,756 260,760 280,753 285,757 296,751 306,755 316,747 327,755 345,754 352,749 366,757 376,751 406,756 430,751 458,753 468,759 483,750 504,757 512,752 551,754 563,749 630,753 648,748 664,753 673,747 690,751 718,744 732,754 746,746 770,754 785,747 814,750 821,746 829,751 849,745 857,750 865,747 879,751 883,760 879,779 861,779 850,784 809,783 801,779 788,784 775,775 764,783 742,785 728,784 712,776 698,784 680,781 667,789 641,783 620,788 585,787 578,782 561,791 546,791 520,782 509,788 501,783 484,791 478,787 468,790 454,782 447,787 422,790 390,787 382,791 374,787 345,791 334,783 323,789 299,787 276,794 245,785 218,791 198,787 191,791 178,784 159,794 119,789 112,795 108,792 101,796 88,787 80,792 59,791 52,786"/>
        <Baseline points="49,773 883,760"/>
        <TextEquiv>
          <Unicode>des motifs de sa volonté unanime de repousser jusqu&#39;à la victoire </Unicode>
        </TextEquiv>
      </TextLine>

    
    
      <TextLine id="eSc_line_120614" >
        <Coords points="48,808 64,791 107,799 134,795 142,798 149,794 177,798 192,794 213,796 225,805 239,796 259,800 278,796 304,798 315,804 331,794 345,799 350,795 364,798 390,794 416,802 433,792 462,799 487,793 507,794 519,800 538,790 549,796 577,795 600,793 611,787 643,802 655,793 672,794 678,790 690,795 722,790 745,798 779,788 793,799 803,792 826,790 838,793 853,806 850,827 837,827 824,820 812,828 799,825 789,830 760,825 752,819 727,829 703,821 689,828 675,821 660,832 646,824 636,830 630,825 617,828 597,820 587,828 562,821 541,832 522,819 507,829 485,831 470,830 459,823 448,830 431,830 415,821 395,832 336,830 306,835 286,828 250,835 219,827 207,833 184,822 175,828 156,825 144,834 132,826 114,834 86,834 50,820"/>
        <Baseline points="48,808 853,806"/>
        <TextEquiv>
          <Unicode>définitive la guerre qu&#39;elle n&#39;a pas cherchée, qu&#39;elle n&#39;a pas </Unicode>
        </TextEquiv>
      </TextLine>

    
    
      <TextLine id="eSc_line_120615" >
        <Coords points="52,855 57,838 138,845 162,837 175,847 187,839 206,843 227,837 237,844 252,837 276,847 306,838 361,842 385,836 447,839 460,833 470,840 487,840 513,834 531,838 538,834 549,839 558,836 568,842 577,835 598,838 619,833 637,836 646,843 657,836 673,838 683,830 695,833 700,829 726,837 735,833 747,842 755,836 772,834 787,834 796,841 804,835 834,833 847,845 844,856 828,868 810,866 794,855 785,862 716,862 701,873 685,875 670,875 658,868 636,870 627,863 590,873 558,870 550,864 534,872 522,870 512,875 498,865 484,872 467,860 448,872 424,876 415,870 410,874 382,871 353,877 314,873 306,867 297,874 255,877 227,870 207,879 183,871 171,877 163,873 138,874 133,870 116,878 104,874 90,877 77,871 68,875 55,865"/>
        <Baseline points="52,855 847,845"/>
        <TextEquiv>
          <Unicode>voulue et dont la responsabilité retombe toute entière sur ses </Unicode>
        </TextEquiv>
      </TextLine>

    
    
      <TextLine id="eSc_line_120616" >
        <Coords points="54,902 56,886 63,881 97,886 128,879 158,894 180,878 199,885 217,885 225,880 236,884 246,876 266,888 293,882 302,889 309,884 333,884 345,876 361,883 412,876 426,883 445,882 456,887 479,876 496,881 545,877 571,879 590,886 604,876 624,880 632,874 655,884 673,875 695,884 703,878 718,876 756,883 768,874 788,873 799,878 806,874 822,877 829,872 837,877 849,872 868,888 865,907 848,903 842,908 805,909 798,914 791,910 780,912 769,905 750,909 735,906 730,910 706,906 690,911 656,909 647,916 638,910 621,912 612,906 589,913 578,909 567,917 535,911 499,917 488,912 469,915 461,910 447,918 440,913 413,919 404,913 386,917 367,913 268,918 251,912 232,922 197,911 169,921 154,916 128,920 114,916 107,921 96,913 86,918 65,919 57,913"/>
        <Baseline points="54,902 868,888"/>
        <TextEquiv>
          <Unicode>ennemis. Quant à sa préparation militaire, loin de s&#39;en désinté-</Unicode>
        </TextEquiv>
      </TextLine>

    
    
      <TextLine id="eSc_line_120617" >
        <Coords points="49,939 54,927 66,923 82,927 132,927 141,934 165,922 183,927 198,923 213,928 232,926 239,921 272,927 296,927 301,923 317,932 330,923 363,924 371,929 380,922 416,926 433,920 456,930 480,920 518,924 533,917 546,923 554,917 566,919 582,928 591,922 605,923 624,915 632,919 655,917 669,926 682,917 724,922 757,914 767,918 778,915 789,922 796,917 833,923 838,931 835,951 827,953 799,958 793,953 758,954 749,947 739,956 725,952 708,963 683,951 665,952 657,958 645,949 633,949 616,961 602,955 591,963 575,953 545,955 537,962 526,955 508,959 500,954 476,961 454,957 445,963 413,961 408,957 388,963 370,956 359,962 352,959 341,966 315,955 301,965 273,958 259,966 248,958 236,962 226,957 197,966 190,961 181,963 172,956 161,963 152,957 139,957 122,962 93,959 74,963 61,959 52,965"/>
        <Baseline points="49,939 838,931"/>
        <TextEquiv>
          <Unicode>resser, le Parlement n&#39;a jamais refusé un crédit demandé pour</Unicode>
        </TextEquiv>
      </TextLine>

    
    
      <TextLine id="eSc_line_120618" >
        <Coords points="55,981 56,971 65,963 90,975 102,967 110,968 115,963 127,967 139,959 151,969 163,965 172,968 179,963 192,969 213,970 234,961 255,968 269,965 278,969 292,964 301,969 305,965 325,978 320,1014 302,1000 289,1003 281,1011 263,1007 254,999 227,1004 215,997 206,1001 195,997 183,1010 169,1009 157,1016 136,1002 130,1007 121,1006 113,998 106,1004 85,1003 73,1016 56,1000"/>
        <Baseline points="55,981 325,978"/>
        <TextEquiv>
          <Unicode> la défense nationale. </Unicode>
        </TextEquiv>
      </TextLine>

    
    </TextRegion>
    
  </Page>
</PcGts>
