960 1280
142 27 895 102 pris par le Gouvernement allemand croyant ainsi démoraliser
110 77 859 147 populations et paralyser, par suite, notre défense. C’est
67 127 884 186 l’envoi de zeppelins pour bombarder nos villes ouvertes, c’est
56 174 869 233 la destruction des paquebots et des passagers innocents par les
59 221 874 272 sous-marins, par les torpilles et par les mines ; c’est l’emploi
59 266 886 314 des gaz asphyxiants, etc… etc… Ces moyens des terrorisation
61 313 856 357 infâme, nous n’avons jamais pensé, nous, à nous en servir ; ja-
61 359 869 399 mais nous n’avons conçu ces odieuses machinations ; les faits le
71 399 853 444 prouvent… Mais le jour où le Gouvernement allemand nous a
74 442 905 488 surpris par ses initiatives inouïes, ses inventions infernales en
77 484 871 530 cette matière, le jour où l’emploi de ces moyens justement pro-
74 526 857 572 hibés, inexcusables, est devenu pour lui une arme, ce jour-là
82 567 886 610 il a bien fallu nous armer à notre tour, après lui, pour repous-
82 608 899 653 ser ses attaques. Allez-vous, par humanité, laisser triompher les
77 651 890 693 plus odieux attentat contre l’humanité ? Non, certes, - et c’est
83 692 868 736 pourquoi nous avons été réduits, là comme ailleurs, à la néces-
85 732 911 777 sité de repousser l’agression allemande en lui opposant les moyens
85 774 901 816 mêmes qu’elle n’avait pas craint d’inaugurer contre nous. Sinon,
89 813 859 853 en laissant le champ libre à ces initiatives atroces, nous les
94 854 857 898 encouragions ! Nous livrions à notre pays et la civilisation aux
85 893 860 939 pires attentats de la barbarie, assurée par nous de l’impunité.
