960 1280
408 28 492 73 - 6 -
252 86 908 146 Croire qu’après la guerre les Gouvernements pourront
92 138 859 188 jeter un voile complaisant sur les causes de la guerre et les
93 182 900 231 laisser impunément prendre racine et se renouveler, c’est s’aveu-
93 225 877 274 gler  volontairement. Si, la paix rétablie, les profiteurs de la
94 266 877 315 guerre peuvent étaler sans vergogne les bénéfices de leurs opé-
95 310 890 359 rations ; si on peut parler de la guerre comme la commerce na-
97 349 872 397 turel, une bonne affaire, alors la paix ne sera qu’un mensonge.
97 391 866 439 Or, nous sommes déjà sur cette voie. On ne parle actuellement
97 435 852 482 que des gens enrichis par la guerre ; et non des spéculateurs
96 474 889 522 seulement. Rien n’est plus difficile à définir que la situation
97 556 873 606 entre le gain licite et illicite. Les gains des plus favorisés
99 514 873 565 de ces enrichis ; rien de plus scabreux à établir que la limite
100 599 850 644 ou des moins scrupuleux se sont éparpillés dans tout le pays,
100 638 863 686 répartis dans une quantité de petits de bourses auxquelles il ne
100 679 838 730 sera pas possible de réclamer l’application des lois sur les
102 719 882 765 bénéfices de guerre. Des commissions spéciales établiront aisé-
105 759 890 807 ment que certains de ses bénéfices ont été à l’origine excessifs,
106 800 866 847 mais il leur sera souvent difficile d’aller au-delà du premier
109 880 851 925 de tous les gens qui auront, à leur tour, profiter de ces abus,
110 840 868 886 abus : elles ne pourront guère rechercher la foule incalculable
112 919 872 964 soit comme intermédiaires, soit comme artisans. Il faudra tenir
107 996 854 1042 distribuer de bénéfices indirects, sur son propre gain, et des
113 958 858 1001 compte aussi au principal bénéficiaire de tout ce qu’il aura dû
112 1033 843 1084 risques parfois considérables qu’il aura pris seul à sa/charge;
113 1074 879 1121 et des services, enfin, que par son initiative et son énergie il
113 1110 861 1161 aura rendus à la patrie, alors qu’il fallait aller au plus vite
116 1149 852 1202 et au mieux, par tous les moyens, même les plus aventureux….
