960 1280
380 10 485 48 - 3 -
46 92 923 147 mieux que cela, la poursuite de la guerre n'était pas en cause :
43 143 916 194 la seule question était de soutenir et, au besoin, de stimuler
40 189 945 244 l'énergie du Gouvernement. La minorité qui a refusé sa confiance
42 235 945 288 au Gouvernement était loin de lui reprocher la prolongation de la
46 328 930 382 De même, au Sénat, nous avons été unanimes à donner au Gouverne-
47 283 942 334 guerre ; elle trouvait, au contraire, son énergie insuffisante. -
45 422 917 473 de M. Clémenceau, qui ne représente certes pas l'esprit pacifi-
49 370 905 426 ment notre confiance pour agir : six voix seulement, dont celle
46 468 502 515 que, ont refu é cette confiance.
256 513 905 567 Donc, la moralité de ces deux longues délibéra-
48 561 942 612 tions secrètes est que la France veut, après deux années écoulées
49 605 714 655 plus que jamais pousser la guerre jusqu'au bout.
249 655 886 702 Cette guerre, en réalité, n'est pas la guerre.
46 698 904 748 c'est la révolte contre la guerre. Plus la France a été paci-
51 742 880 795 fique, plus elle doit repousser définitivement la guerre qui
54 785 874 837 nous a été faite, malgré nous, malgré tout, malgré la raison,
56 830 883 881 malgré le droit, malgré l'Humanité. Il faut que cette guerre
54 920 913 973 ne puisse pas recommencer. Guerre sans merci à l'agresseur qui
59 878 921 927 finisse véritablement, qu'elle soit condamnée, exécutée ; qu'elle
56 968 893 1012 a rompu la paix et déchaîné sur le monde la Barbarie ! Voilà en
61 1011 831 1059 deux mots l'état d'âme du Parlement, de la France entière.
56 1091 901 1147 dent du Conseil, avec une force admirable, a fait valoir préci-
256 1054 905 1101 Je ne trahis aucun secret si je dis que le Prési-
56 1139 884 1192 sément la volonté pacifique de la France pour justifier sa vo-
67 1184 889 1242 lonté de repousser victorieusement et définitivement la guerre.
