960 1280
442 10 523 53 - 5 -
53 93 917 146 contraste ! Nous avons fait notre possible pour l’éviter ! Je suis
57 139 876 187 allé le conduire à son régiment : j'y ai constaté que tous les
59 181 875 235 jeunes gens qui, pour une raison ou une autre, sont revenus du
63 226 891 283 front, n’ont qu’un désir, y retourner la plus tôt possible, pour
57 314 808 361 de leur regard. Elle en est plus que toutes les paroles !
60 269 930 317 en finir à effacer les Allemands. Il faut voir la noble assurance
241 354 929 404 La population du Mans, celles de la campagne trouvent
57 442 909 493 parti. Aussi les marchés ont-ils repris leurs animations ; le civil
60 398 902 447 cette assurance normale ; il faut vaincre ; il faut en prendre son
58 487 920 534 vit le plus naturellement du monde avec le militaire revenant pas-
61 532 911 577 ser quelques jours dans ses foyers ; les permissionnaires, encore
63 615 896 669 par milliers, chaque jour, encombrants gaiement les trains et les
64 572 879 621 tout couverts de la boue des tranchées, arrivent et repartent
65 658 885 710 rues de leur va-et-vient. Le spectacle de la ville du Mans est
69 703 872 755 inénarrable : chaque jour semble à jour de fête : la moitié des
68 788 868 840 hôteliers ont fait des affaires d’or depuis dix-huit mois.
69 743 907 796 magasins sont transformés en pâtisseries !! Les pâtissiers et les
250 830 902 879 Hier j’ai rencontré un brave fermier que je connais
68 874 900 925 de longue date : il est père de trois enfants. Cet homme excel-
71 915 884 968 lent gardait, à Laval, les prisonniers allemands. Il fait, lui
71 999 861 1055 un beau-frère aussi ;  il n’est pas lui-même bien solide. Mais
72 956 881 1011 aussi, son devoir de, comme tout le monde ; il a eu un frère tué et
72 1041 894 1099 il ne perd pas la tête pour cela ; et, si j’en parle, c’est parce
71 1127 858 1179 moyenne du sentiment populaire Français. Il n’en veut pas au
75 1083 847 1138 qu’il a toujours paru très exactement représenter la bonne
75 1170 870 1228 peuple allemand ; il n’est sévère que pour ceux qu’il considère
