960 1280
469 10 551 59 - 3 -
93 96 927 153 tandis que les moins héroïques constateront que nous ne pouvions
95 142 887 197 faire autrement ; qu’il est encore heureux que nos sacrifices
96 184 912 237 n’aient pas été faits en pure perte ; que nous aurions pu souf-
98 271 912 325 dans la guerre actuelle, la part de l’immense soulagement qu’é-
99 229 940 280 frir tout autant pour finir par être vaincus. Donc il faut faire,
97 358 880 413 l’effondrement du militarisme allemand, effondrement d’autant
98 317 883 368 prouvera la France d’avoir échappé au danger en contribuant à
96 403 911 453 plus précieux qu’il aura coûté plus cher. Ceux qui auront pris
97 444 941 497 part à cette victoire du bien sûr le mal et qui survivront, seront
99 487 911 540 grandis, améliorés, à leur propres yeux. Une mère continuera de
98 531 878 583 pleurer son fils tombés sur le champ de bataille, mais elle se
98 575 878 625 dira que sa mort à libérer des générations d’autres aux enfants…
100 614 889 666 Et la nation tout entière se dira cela. Le deuil de tous de-
97 660 903 700 viendra le sacrifice de tous, la fierté de tous ; la France ac-
96 701 899 748 tuelle sera saignée, affaiblie mais vivifiée dans sa descendan-
102 739 880 790 ce par tout ce qu’elle aura donné d’elle-même, volontairement.
104 782 894 829 Un culte s’établira pour célébrer son sacrifice, culte national
97 864 901 913 une g lorification de la guerre. C’est par centaines et centai-
102 827 907 872 et universel. Et ce culte deviendra lui-même une compensation et
100 907 854 952 nes de milliers que les peuples accourront, aussitôt la paix
103 944 857 993 rétablie, pour visiter la France et la Belgique sauvées. Nos
103 1026 879 1070 universel. La postérité se déclarera leur débitrice. Et cette
106 985 871 1034 infortunées régions envahies deviendront un lieu de pèlerinage
105 1066 866 1113 dette sacrée, toute idéale, n’en sera pas moins la source d’un
109 1107 824 1159 renouveau prodigieux de vitalité. Dans cette atmosphère de
