960 1280
425 13 532 51 - 2 -
61 89 886 150 pour la plupart, excellents. On y joue avec grand succès du
62 137 956 196 Beethoven, du Bach, du Schumann, des allemands tellement différents,
56 183 947 240 à nos yeux, de l'Allemagne moderne, qu'ils ne sont plus des enne-
59 232 893 279 mis ; nous les avons naturalisés. Le public est simple, sans
62 275 957 324 grande toilette : cela veut dire que les braves gens qui n’allaient
58 320 945 368 pas au théâtre y vont maintenant pour accompagner les permission-
58 367 893 412 naires et les convalescents. Et puis toute la province est à
61 411 417 457 Paris, comme auparavant.
280 453 939 504 Les gens élégants, les gens riches circulent dans
54 505 917 549 leurs autos. Les nouveaux riches se chargent de faire marcher
62 550 902 597 le commerce. Les fleuristes, les confiseurs, les antiquaires,
59 592 901 639 les bijoutiers recommencent à faire des affaires. J'ai eu le
73 634 899 683 regret d'être obligé d'entrer hier, comme jadis, chez Siraudin
76 679 905 722 pour envoyer des bonbons à une dame un peu vinaigrée mais qu'il
83 722 926 764 faut ménager, et là j'ai rencontré quantité de gens faisant comme
88 760 921 804 moi, achetant des douceurs amères qui ne font plaisir à personne.
89 803 881 846 Et j'ai dû supplier les demoiselles de magasin de me donner un
94 841 890 881 tour de faveur, comme auparavant, pour arriver à être servi ; et
97 879 919 921 j'ai demandé si je ne rêvais pas ! On m'a répondu que les affaires
103 956 902 998 en hâte pour faire expédier ma boîte à destination ; car on envoie
113 918 893 961 avaient repris tout à fait comme auparavant. Je me suis retiré
101 995 857 1036 tant de colis qu'il faut s'y prendre plusieurs jours d'avance
103 1077 893 1119 pour le dîner où les enfants étaient nombreux, attendant l'arbre
110 1032 899 1078 pour qu'ils soient délivrés à temps. Et je suis rentré en retard
101 1116 853 1161 de Noël chargé de givre et de fils d'or et de surprises comme
101 1157 899 1211 auparavant. Dans la soirée sont arrivés des télégrammes, l'un de
