960 1280
420 39 498 91 - 4 -
99 114 882 170 considération et de gratitude, nous ferons largement la part de
100 160 892 212 l’influence qu’exerceront jusque dans leur descendance tous ceux
105 204 839 250 qui auront contribué à la délivrance du pays et du monde ; il
104 247 879 292 faudra faire aussi la part des pensions, - (voyez l’exemple des
103 284 894 334 Etats-Unis et le nombre des pensions distribuées aux innombrables
105 328 882 374 descendants des combattants de la Guerre de l’Indépendance ; )- il
102 366 891 413 faudra faire la part des situations privilégiées qui le revien-
105 410 893 457 dront de droit ; la part des mariages…. Toutes nos héritières,
105 445 911 495 heureusement, voudront épouser des héros ! Leurs enfants et petits-
108 492 896 535 enfants vivront de la gloire de leurs pères. Nous arrivons ainsi
110 529 838 573 à un total énorme d’avantages qui balanceront les maux de la
110 570 880 614 guerre ; sans parler de la prodigieuse reprise d’activité qui ne
107 610 849 653 peut manquer de suivre la guerre et s’annonce déjà, même avant
111 649 248 688 la fin…..
281 692 858 736 Sans doute on s’efforcera de ne pas confondre les
109 727 878 772 honneurs avec les profits de la guerre. Il sera malaisé pourtant
112 809 876 852 vices rendus à la Défense Nationale. Quoiqu’il en soit, ne nous
113 768 874 812 de savoir dans quelle mesure ces profits représenteront des ser-
114 848 841 888 faisons pas d’illusion ! Si les enfants de tous ceux qui auront
113 885 845 926 gagné matériellement à la guerre encaissent sans conteste leur
113 926 865 966 profit, la guerre actuelle sera sûrement à recommencer. Le len-
111 962 876 1003 demain de la guerre dépendra moins de l’importance de la victoire
118 1002 871 1039 que des sanctions intérieures qui devront compléter les sanctions
118 1036 858 1079 extérieures de la paix. C’est en vain qu’après avoir châtié nos
118 1074 866 1116 agresseurs, nous prétendrions épargner dans notre pays les
120 1112 831 1154 coupables qui auront indûment profité de l’agression. Il faut
