960 1280
470 26 555 61 - 2 -
98 101 889 152 sera la victoire, on examine raisonnablement ce que devra être
98 148 878 198 le lendemain de la guerre pour qu'elle ne recommence pas. Les
98 195 909 235 uns, les chauvins, préconisent des conquêtes ; ceux-là sont ££t££ou-
96 235 903 280 jours les mêmes ; je n'y reviens pas ; les autres des garanties,
103 279 867 321 des précautions, ce sont les sages ; ils seront plus nombreux
103 320 888 364 peut-être et plus fermes qu'avant la guerre. Leur langage n'a
101 361 896 405 pas la faveur et la publicité des grands journaux, mais il cor-
105 404 866 448 respond exactement au sentiment de l'immense majorité du pays
105 446 878 490 que la guerre prolongée démocratise de plus en plus. Et puis,
102 486 902 533 il a surtout cet avantage d'éveiller les initiatives timides, de
109 530 644 569 stimuler les conversations ou les imitations.
268 570 854 615 "LA LIGUE des DROITS de l'HOMME" nécessairement
101 611 875 657 mal vue des gens pensants et de toute la presse mondaine,
105 651 900 697 mais patriote dans l'âme, comme l'ont été nos ancêtres de la Ré-
106 696 864 740 volution Française, s'est réunie ces jours-ci pour mettre la
105 737 917 782 première et très nettement à l'ordre du jour de ses délibérations
110 776 567 821 "les conditions d'une paix durable".
265 814 878 860 Le texte XXXXX ci-joint des résolutions qu'elle a
108 858 888 903 votées se passe de commentaires. Il fait le plus grand honneur
102 898 828 944 à la fermeté d'âme comme à la raison des bons citoyens qui
110 937 864 983 l'ont rédigé, sous la direction éclairée de notre ami, Gabriel
108 979 864 1022 SEAILLES, l'un des plus nobles caractères de notre pays et de
106 1017 278 1058 notre temps.
272 1052 906 1105 Avec une mesure parfaite, le congrès réclame l'ordre
117 1096 853 1145 international fondé sur la justice. Il n'admet d'autre paix
110 1136 861 1188 durable que celle du règlement des litiges par le Droit et non
109 1186 848 1237 par la Force. La société nouvelle reposera sur l'institution
