960 1280
412 49 584 96 Lettre n° 120.
57 123 175 183 ÉNAT
317 157 680 221 PLUS FORT QUE LA HAINE .
568 235 870 287 LE MANS, 29 Janvier 1916.
376 346 574 398 Mon cher Butler,
301 466 897 512 J’avais écrit cette lettre au Mans mais je l’y ai
133 506 912 554 laissé par mégarde. Je vous ai envoyé de Paris, pour y suppléer,
133 548 896 594 une lettre sommaire sous le n°116, avec les photographies par-
134 584 920 633 lantes de mon fils en 1916 et en 1906.- Je retrouve aujourd’hui
138 627 870 681 cette lettre et je vous l’envoie tout de même, puisqu’elle/est
135 673 231 713 écrite.
305 785 838 832 A la longue, j’en arrive à me demander si la
145 824 892 870 France, incapable de haine, ne pardonnera pas à l’Allema ne les
143 865 877 911 crimes du militarisme allemand. Cela dépendra de l’Allemagne :
143 900 922 949 si elle répudie son orgueil et le système de domination qui l’aura
143 943 878 992 perdu ; si elle souffre de ses fautes et si elle regrette,
145 979 919 1027 au lieu de ne penser qu’à se venger de son échec. Alors seulement
143 1018 918 1065 apparaîtront de part et d’autre les vraies responsabilités ; et les
145 1059 864 1104 deux peuples ne s’en prenant plus l’un à l’autre se mettront
146 1094 919 1145 mutuellement en garde contre les égarements de leurs dirigeants et
150 1133 863 1184 contre les excitations néfastes de leurs journaux. Il y aura
