960 1280
417 26 506 68 - 3 -
71 89 859 139 implacable. L’Empereur Guillaume II n’a que trop justifié ces
70 136 254 173 malédictions.
258 178 886 221 N’allons pas trop loin. Nous n’irons pas
79 219 905 265 trop loin : ne vous y trompez pas. Ces cris de haine, la France ne
77 301 821 344 mand. La France va le châtiment des coupables et non des
79 262 873 307 s’y associe qu’en tant qu’il s’adresse au Gouvernement alle-
78 347 892 389 complices inconscients, encore moins des victimes du crime. Elle
79 386 859 429 veut ce châtiment mois par vengeance que par un attachement à la
76 430 877 470 paix et à la justice, pour préparer à l’humanité un avenir moins
76 472 889 512 menaçant. Elle veut que la guerre porte après elle son enseigne-
75 513 841 551 ment définitif. Déjà nous commencions à apprendre l’histoire
78 556 863 595 sous son vrai jour. Nous commencions à savoir la fin misérable
75 595 864 636 de tous les empires et de tous les dominateurs. Nous méditions
78 640 851 679 comme autant de nécessaires leçons, toutes ces fins des grands
75 719 864 761 d’indigestion à Babylone ! César assassiné par ses plus fidèles
79 679 849 718 conquérants, invariablement tragiques :  Alexandre le Grand mort
79 763 879 803 amis ! Charles Quint pénitent dans un monastère. Louis XIV gémis-
76 801 873 849 sant : " J’ai trop aimé la guerre !" Napoléon I rêvant de paix sur
78 845 863 884 son rocher de Sainte-Hélène…. Il est impossible que Guillaume II
76 883 875 926 soit mieux partagé que les autres. La moralité de la guerre doit
76 923 870 967 être le châtiment des coupables, de tous les coupables  - chacun
74 964 539 1007 selon son grade et sa responsabilité.
250 1001 894 1046 C’est là ce que le bon sens, autant que la conscience
79 1049 840 1086 populaire, exigera. Et, s’il en est ainsi, le châtiment n’ira
79 1085 841 1126 pas d’égarer sur tout un peuple. Nous en avons, en France, la
78 1159 801 1210 que j’ai déjà relevées, de notre parfait équilibre moral et
81 1119 855 1165 certitude, et c’est encore une des raisons, après tant d’autres
