960 1280
448 13 541 60 - 15 -
76 97 891 147 prisonniers. Les jeunes filles et les jeunes femmes ont adopté
78 145 909 191 chacune un ou plusieurs filleuls parmi les soldats, particulière-
78 188 870 232 ment ceux qui appartiennent au pays envahis et sont privés de
78 230 906 277 communications avec leur famille. Ma cuisinière dépense ses éco-
78 272 877 316 nomies en paquets qu’elle expédie à ce qui reste, hélas ! de nos
77 354 906 400 vres sont, à proportion, plus généreux que les riches, parmi les-
78 313 906 360 anciens blessés de Créans. Je dirais même qu’en g énéral les pau-
78 395 905 441 quels il en est un qui donnent autant en France qu’en Angleterre
77 481 895 527 arrive comme par hasard : ils se réjouissent de le dépenser comme
81 438 861 484 ou en Amérique. Les pauvres ne gardent pas l’argent qui leur
78 521 895 570 l’avare de l’accumuler. Les bourgeois mêmes dépensent, raisonna-
81 603 870 650 de l’avenir. L’idée de ne pas payer son loyer est entrée dans
85 563 892 607 blement, bien entendu, mais dépensent. Ils se préoccupent moins
79 684 893 731 même aisés, même riches et, à plus forte raison, les autres, pro-
83 643 838 689 bien des cerveaux et c’est de parti-pris, que des locataires,
82 726 871 770 fitent de la guerre pour vivre aux dépens de leur propriétaire.
78 806 878 851 de débiteurs volontairement insolvables au détriment des parti-
79 768 864 811 Il y aura de terribles comptes à régler, la guerre finie. Que
81 844 914 890 culiers et finalement de l’Etat qui paiera pour tous ! que d’impôts !
82 888 882 932 Mais là encore, on ne se fait pas de mauvais sang, "pas de che-
83 924 869 972 veux" ; "on ne s’en fait pas !" C’est l’expression à la mode. Un
83 1005 858 1048 peu nous importait d’avoir à payer des impôts, puisque, si une
84 965 890 1008 économiste de la valeur de M. Gide nous a démontré qu’après tout,
84 1044 882 1087 partie de la France les paie, l’autre en touchera directement ou
86 1081 873 1125 indirectement le produit ; cela fera compensation. A part ce que
91 1117 862 1168 nous aurons acheté à l’étranger ou, tout ce qui sera dépensé en
91 1157 829 1207 France n’aura fait que passer une poche dans l’autre et se
