960 1280
425 32 519 74 - 3 -
98 88 914 145 de l'arbitrage obligatoire et sans réserves, sur l'organisation
110 137 850 185 des pouvoirs et des sanctions internationales nécessaires.
272 181 885 230 Il n'oublie pas que la paix est liée aux progrès
106 220 909 266 de l'éducation et à ceux de la démocratie ; au respect de la li-
172 251 215 277 de
110 266 912 311 berté conscience, à la reconnaissance des droits de la femme et
109 309 910 354 à tout ce qui peut rendre impossible la provocation à la guerre
109 352 650 394 et les pratiques de la diplomatie secrète.
272 390 896 438 Il proteste, à l'avance, contre tout futur traité
110 435 910 480 qui contiendrait en g/erme une guerre de revanche ; €e€t cela seul
109 474 932 521 dit tout. Il proclame le droit pour tous les peuples de disposer
108 517 906 564 d'eux-mêmes ; et par conséquent il réclame l'annulation de toute
108 560 870 606 annexion forcée, à commencer par celle de l'Alsace-Lorraine.
276 603 907 651 Il adjure les Gouvernements de ne pas abuser de la
110 638 907 693 guerre/économique et encore moins des conquêtes d'agression éco-
108 686 222 725 nomique.
269 726 880 774 Il demande des sanctions contre les auteurs res-
113 768 898 813 ponsables de la guerre, des pénalités, des réparations, avec un
113 806 903 856 ensemble de garanties qui mettent le monde à l'abri d'un nouvel
113 846 241 890 attentat.
264 887 880 936 Le congrès enfin coupe court à toute équivoque en
113 926 853 976 s'élevant contre une paix prématurée, éphémère, établie sur
113 966 907 1017 d'autres bases que celles de la justice et il convie les Gouver-
116 1010 849 1054 nements alliés à former, dès à présent, entre eux, d'accord
116 1049 892 1099 avec les neutres, l'ébauche de la future "Société des Nations".
279 1092 891 1141 Ce qu'il faut louer dans ce manifeste, c'est qu'il
110 1127 900 1188 est fidèle à l'inspiration de tous nos amis d'avant guerre et
