960 1280
438 11 541 53 - 4 -
271 97 927 152 Il y a deux ans, au début de la guerre, les chau-
86 188 939 244 nalistes, soi-disant antipatriotes. Aujourd'hui, c'est le chau-
91 143 924 196 vins dénonçaient Jaurès et les socialistes, et les internatio-
86 235 939 291 vinisme qui commence à devenir muet, et ce sont les partisans de
91 279 647 327 la paix qui nous conduiront à la victoire.
277 326 921 377 M. A. Briand est un ancien socialiste, resté pa-
86 369 859 420 cifique ; il a toujours fait partie de mon groupe. Albert
86 414 898 464 Thomas, ministre des Munitions, Sembat, étaient avec moi à la
88 501 914 557 Lloyd George, était avec nous, à fond ; de même, en Russie Makla-
89 453 898 514 conférence franco-allemande de Berne. De même, en Angleterre,
85 545 865 597 koff, Milioukoff. C'est l'esprit de justice, la révolte du
88 586 777 640 Droit violé qui nous anime et nous rend invincibles.
88 678 871 725 Secret ; maintenant, et sans même tenir compte de l'optimisme
280 636 874 683 Je croyais à la victoire bien avant le Comité
85 720 859 771 nécessaire des Gouvernants, l'esprit de notre Comité Secret,
91 762 895 812 c'est-à-dire l'esprit de la nation tout entière, a fortifié et
86 804 905 858 motivé ma confiance. Nous ne pouvons pas ne pas vaincre, et la
82 849 913 899 raison en est bien simple : nous combattons pour l'avenir de nos
88 892 877 939 enfants; l’Allemagne, elle, ne combat que pour l’avenir d'un
91 933 228 975 Kronprinz!
88 1016 868 1065 sacrifice est fécond. Le sien est stérile. Elle est trompée
253 975 901 1023 Quelle différence entre sa cause et la nôtre! Notre
86 1101 847 1151 illuminés par notre bon Droit. Guerre dynastique d'un côté,
94 1056 919 1105 par les mensonges de son Gouvernement ; nous sommes, au contraire,
85 1145 914 1195 guerre nationale, humaine, universelle de l'autre. C'est la lutte
