960 1280
412 15 502 53 - 8 -
49 149 333 196 malgré tout, du pays.
53 97 863 156 à commencer par la richesse générale et l’activité persistante,
236 185 914 234 J’accompagnais récemment au front nos collègues d  es
57 224 871 278 Parlements coloniaux britanniques, canadiens,  australiens, afri-
60 270 880 322 cains. C’était le mois dernier, en Juillet. Ils étaient stupé-
60 312 826 364 faits de voir, depuis Paris jusqu’à nos tranchées au nord de
62 358 858 406 Compiègne, les récoltes préparées comme en temps de paix, sym-
63 402 884 449 bole de paix et de prospérité, en pleine guerre ! Je n’oublie pas
61 441 823 491 que sur un grand nombre de points du front tout est dévasté,
63 525 883 576 du poison ; je ne parle pas, bien entendu, des régions où la ba-
67 486 896 534 par le bombardement, par le ravage des explosions, du fer, du feu,
68 570 877 614 taille a fait fureur comme à Verdun, comme en Champagne, comme à
68 655 837 700 lèlement à ce formidable service de destructions de la guerre,
69 613 878 658 Soissons, à Arras, dans le Nord ; mais l’étonnant est que paral-
70 696 849 743 les chemins de fer continuent de faire leur service de paix et
68 739 850 783 plus que jamais ; double service, pour les soldats et pour les
76 777 872 824 voyageurs, pour les armées et pour l’intérieur du/pays. Ces deux
71 819 858 866 services, contradictoires au début, se sont conciliés ; les che-
74 863 898 908 mins de fer assurent à la fois, avec la même régularité, la guerre
74 903 861 950 et la paix, la mort et la vie. Leurs recettes dépassent celles
77 944 869 988 des années de paix. Il y a deux horaires juxtaposés maintenant,
81 984 871 1031 celui des armées, celui du public ; tous deux marchent ensemble,
78 1064 837 1110 à peine si l’on fait attention aujourd’hui au va et vient des
81 1025 871 1073 font très bon ménage, comme s’ils devaient durer toujours. C’est
85 1104 877 1156 militaires, des blessés, des convalescents, des permissionnaires ;
