960 1280
431 12 524 56 - 7 -
218 76 879 119 Quoi qu’il en soit, et j’y insiste, si l’argent ou-
54 120 895 163 vertement gagné par un entrepreneur peut apparaître plus ou moins
54 165 900 207 au grand jour, il en sera autrement des profits qu’il aura susci-
54 210 912 247 tés autour de lui, lesquels profits se cumulent ont fréquemment avec
57 254 911 295 des salaires exceptionnels, avec des allocations journalières tou-
61 296 859 339 chées par la femme, les enfants d’un contribuable mobilisé, ou
58 341 837 384 encore avec des exemptions d’impôts, de loyers, etc… etc…
68 380 907 436 Quantité de femmes son matériellement plus à leur aise depuis la
62 430 334 479 guerre qu’auparavant.
244 470 831 510 Voilà, en tout cas, beaucoup d’argent gagné et
63 512 872 565 répandu sur le pays en poussière de bénéfices de guerre ; et cet
61 599 843 641 directement qu’il se sera plus largement dépensé et changé en
62 558 887 600 argent, il sera d’autant plus difficile au Trésor de le récupérer
57 643 845 691 bien-être. Là est le danger : le bien-être de la guerre. La
63 683 900 731 preuve que beaucoup d’argent a été gagné, c’est qu’on en X dépen-
61 727 851 780 sé partout. Au début de la guerre, pendant quelques mois, le
60 771 774 822 pays a senti la gêne, mais à présent c’est autre chose.
65 855 838 900 tense circulation de nos chemins de fer. C’est à ne pas le
244 814 863 861 Depuis longtemps je constate la reprise d’une in-
65 899 890 943 croire, mais c’est ainsi. On n’a jamais tant voyagé, et par con-
69 939 878 985 séquent tant dépensé. Tout d’abord j’ai mis ce mouvement extra-
68 1021 879 1068 nant gratuitement du front à l’intérieur, et sur le compte aussi
70 982 879 1022 ordinaire sur le compte des soldats et des blessés allant et ve-
72 1065 873 1108 des familles des soldats et des blessés ; mais non, l’erreur est
75 1106 849 1150 devenue impossible. On voyage beaucoup parce qu’on a beaucoup
76 1148 880 1190 d’argent. Et d’où vient cet argent ? Des fournitures militaires,
74 1179 901 1243 des réquisitions ? Sans doute, mais de beaucoup d’autres sources ;
