960 1280
485 21 578 58 - 2 -
109 91 925 162 toujours, des deux côtés, des prédicateurs de haine, mais ils ne
111 145 925 199 seront plus suivis. Sinon la guerre actuelle n’aura été que le
109 187 882 241 commencement de la fin de notre civilisation et je renonce à
111 229 663 276 concevoir l’horreur du sort de nos enfants.
280 273 925 331 Chacun, en France, comprend admirablement la situa-
108 314 919 373 tion : la guerre sera toujours à recommencer aussi longtemps que
108 359 898 416 l’orgueil allemand n’a pas été abattu. On peut prévoir une
109 401 894 459 révolution générale, après la guerre, contre la guerre. Mais,
106 444 887 500 en attendant, commençons par avoir raison du militarisme alle-
104 487 903 547 mand qui l’a déchaînée ; nous aurons chance d’être délivrés en-
102 527 887 588 suite du militarisme universel. Pour avoir raison du monstre,
104 572 894 631 pas de pitié, pas de ménagements funestes ; - n’épargnons aucun
104 609 928 670 sacrifice ; ne comptons ni le temps, ni l’or, ni le sang. Ce n’est
106 695 874 753 faut délivrer ; ce n’est pas le présent, c’est l’avenir qui est
108 648 920 721 pas la France seule, c’est le monde, y compris l’Allemagne, qu’il
106 736 887 795 en cause. Et c’est pourquoi toute la France, pacifique et plus
104 775 887 835 pacifique que jamais, repousse avec mépris les offres ou les in-
101 855 891 917 la paix que pour sauver son militarisme et ses ambitions de con-
104 818 870 874 vites dérisoires du Gouvernement allemand, qui, lui, ne songe à
102 897 887 958 quête. Il faut lire, comme échantillon de ce mépris, un article
102 933 867 998 qu’a publié Clémenceau, il y a quelque temps, dans son journal
97 1020 904 1077 un cri de terrible éloquence, à faire frémir ; c’est la réponse aux
102 975 875 1036 "L’HOMME ENCHAINÉ" sous ce titre : "Piaillements de paix". C’est
96 1057 875 1115 atrocités et aux mensonges des armées et de la diplomatie alle-
97 1093 891 1155 mandes. Cent fois j’ai dit ce que je pense de Clemenceau, de son
96 1173 870 1235 haine et de guerre ; aujourd’hui je puis ne lui reprocher d’être
97 1125 827 1191 admirable talent, mais de sa foi stérile dans les œuvres de
