<?xml version="1.0" encoding="UTF-8"  standalone="yes"?>
<PcGts xmlns="http://schema.primaresearch.org/PAGE/gts/pagecontent/2019-07-15" xmlns:xsi="http://www.w3.org/2001/XMLSchema-instance" xsi:schemaLocation="http://schema.primaresearch.org/PAGE/gts/pagecontent/2019-07-15 http://schema.primaresearch.org/PAGE/gts/pagecontent/2019-07-15/pagecontent.xsd">
  <Metadata>
	<Creator>escriptorium</Creator>
	<Created>2021-03-18T09:58:12.174592+00:00</Created>
    <LastChange>2021-03-18T09:58:12.174614+00:00</LastChange>
  </Metadata>
  <Page imageFilename="P1150433.JPG" imageWidth="960" imageHeight="1280">

    

    
    <TextRegion id="eSc_dummyblock_">
    
    
      <TextLine id="eSc_line_120520" >
        <Coords points="452,54 454,41 457,45 474,36 483,40 496,33 511,44 525,43 533,37 538,41 540,56 537,79 529,76 521,81 514,75 505,76 497,68 491,73 474,66 468,70 453,56"/>
        <Baseline points="452,54 540,56"/>
        <TextEquiv>
          <Unicode>- 5 -</Unicode>
        </TextEquiv>
      </TextLine>

    
    
      <TextLine id="eSc_line_120521" >
        <Coords points="97,138 103,122 115,122 127,113 137,121 148,113 172,122 191,113 217,121 238,108 256,120 277,109 296,121 305,123 318,116 337,126 356,122 381,125 395,120 415,133 433,122 460,129 478,120 484,125 494,118 512,130 524,126 543,129 554,123 569,134 578,128 598,130 612,119 627,128 640,118 658,128 676,118 702,128 717,117 728,126 735,122 744,129 760,127 768,133 796,133 816,147 813,172 802,177 796,172 772,172 750,160 737,171 729,168 723,173 717,168 700,167 678,178 666,168 622,168 609,161 595,169 581,157 564,164 538,162 529,169 516,163 498,169 476,155 459,167 452,161 432,165 421,159 408,162 377,154 363,160 339,153 333,157 307,154 295,161 270,152 250,157 242,150 230,151 218,161 199,149 187,154 176,149 164,150 145,163 126,150 117,150 104,161 99,157"/>
        <Baseline points="97,138 816,147"/>
        <TextEquiv>
          <Unicode>du fini contre l&#39;infini ; de l&#39;ombre contre la lumière. </Unicode>
        </TextEquiv>
      </TextLine>

    
    
      <TextLine id="eSc_line_120522" >
        <Coords points="286,180 288,167 305,160 322,166 341,163 356,171 371,171 376,166 392,172 416,164 430,173 449,172 454,177 472,170 499,174 505,168 517,180 525,174 545,171 555,182 578,170 598,171 603,176 650,170 655,175 660,172 664,177 676,177 692,185 696,192 693,212 653,216 645,210 633,214 613,206 608,210 577,209 569,214 549,205 526,210 517,203 489,207 476,200 463,213 450,202 423,209 407,198 384,209 371,200 351,204 343,196 292,199 287,203"/>
        <Baseline points="286,180 696,192"/>
        <TextEquiv>
          <Unicode>N&#39;en parlons plus et attention. </Unicode>
        </TextEquiv>
      </TextLine>

    
    
      <TextLine id="eSc_line_120523" >
        <Coords points="285,227 293,212 305,208 338,219 349,211 365,217 392,207 400,214 424,210 443,217 448,213 454,217 463,215 476,221 484,214 512,219 520,211 536,214 540,210 548,210 558,219 566,215 569,219 582,211 602,225 617,219 645,221 655,215 670,222 681,216 696,222 717,221 723,215 730,222 786,220 800,234 816,221 831,218 851,227 880,220 897,225 899,238 886,254 881,250 870,251 862,259 843,249 817,249 805,237 785,252 766,247 758,255 750,248 728,254 714,247 678,247 672,240 653,253 643,247 620,247 605,237 591,249 575,250 565,256 560,251 528,251 521,244 511,252 501,252 484,247 444,248 436,242 429,249 409,250 401,244 388,252 381,245 373,247 368,243 360,249 354,244 345,253 339,246 327,244 294,245 286,237"/>
        <Baseline points="285,227 899,238"/>
        <TextEquiv>
          <Unicode>Nos sacrifices prolongés sont immenses ; chaque </Unicode>
        </TextEquiv>
      </TextLine>

    
    
      <TextLine id="eSc_line_120524" >
        <Coords points="95,269 97,255 104,250 113,256 138,253 156,261 172,251 189,258 200,251 220,252 233,261 250,253 271,262 292,250 310,258 323,249 344,261 350,257 369,261 377,257 400,260 415,256 422,260 430,255 437,260 441,257 458,269 481,257 495,261 503,255 522,263 556,258 561,262 577,259 584,264 595,257 615,267 627,259 647,259 661,266 668,261 678,268 692,258 705,258 722,267 729,262 736,266 754,261 768,266 780,260 787,263 795,257 808,266 818,265 836,279 861,264 880,269 935,269 938,283 920,301 910,294 888,295 877,301 842,283 819,299 802,291 789,299 778,293 757,292 739,305 712,304 691,295 681,301 660,300 651,306 637,298 564,299 553,292 536,300 510,293 502,297 486,287 442,297 428,292 417,297 405,289 394,295 375,288 365,293 332,288 322,295 311,287 284,289 273,280 256,288 233,278 223,285 186,280 176,286 155,277 144,283 128,282 102,291 97,289"/>
        <Baseline points="95,269 938,283"/>
        <TextEquiv>
          <Unicode>jour c&#39;est un deuil nouveau, une saignée plus lamentable ; chacun </Unicode>
        </TextEquiv>
      </TextLine>

    
    
      <TextLine id="eSc_line_120525" >
        <Coords points="95,312 97,299 150,301 159,294 176,302 200,297 212,301 219,296 234,302 248,297 265,303 274,300 285,308 293,302 310,304 322,297 329,302 360,302 382,301 392,296 405,306 424,304 436,297 445,304 473,300 492,304 503,312 525,299 539,301 546,297 564,311 578,303 586,307 606,302 617,310 624,305 636,308 672,301 681,308 690,303 714,306 721,311 741,307 755,317 776,307 811,311 817,316 829,308 841,313 866,310 877,312 890,324 884,356 866,352 855,344 840,354 823,349 801,355 789,349 772,348 767,352 748,345 739,352 712,342 704,348 694,341 678,347 659,344 651,348 638,342 628,345 619,340 611,343 595,338 586,342 579,337 562,343 545,338 534,346 514,334 506,340 490,341 477,331 460,337 445,331 436,335 393,332 382,336 360,332 350,337 343,331 327,331 309,337 300,331 276,330 255,338 242,330 225,334 215,329 208,334 186,327 178,331 144,327 138,330 129,326 97,329"/>
        <Baseline points="95,312 890,324"/>
        <TextEquiv>
          <Unicode>de nos enfants sacrifié emporte avec lui l&#39;héritage d&#39;un long </Unicode>
        </TextEquiv>
      </TextLine>

    
    
      <TextLine id="eSc_line_120526" >
        <Coords points="97,360 99,343 139,347 161,339 192,346 199,350 201,360 199,372 183,380 177,375 168,383 144,380 124,371 107,383 99,381"/>
        <Baseline points="97,360 201,360"/>
        <TextEquiv>
          <Unicode>passé!: </Unicode>
        </TextEquiv>
      </TextLine>

    
    
      <TextLine id="eSc_line_120527" >
        <Coords points="233,398 235,389 251,387 258,391 280,383 301,395 313,386 320,390 326,386 336,394 353,388 365,389 370,384 381,385 390,392 414,385 424,392 441,384 461,396 472,387 482,392 490,384 501,388 508,382 516,390 550,391 555,386 564,393 604,392 613,400 629,388 636,394 647,390 679,399 691,390 706,393 714,400 723,393 734,392 743,396 782,392 788,398 832,394 841,411 838,426 799,428 786,423 770,435 761,430 744,434 738,429 717,434 695,430 668,434 643,426 625,431 607,425 572,425 566,429 558,424 548,429 542,423 517,424 511,417 492,423 481,415 470,422 464,418 423,422 404,416 396,423 377,417 366,423 358,418 352,424 339,417 319,417 314,421 298,419 291,425 280,415 263,422 235,401"/>
        <Baseline points="233,398 841,411"/>
        <TextEquiv>
          <Unicode>&quot;Et je puis voir répandre un sang si précieux !</Unicode>
        </TextEquiv>
      </TextLine>

    
    
      <TextLine id="eSc_line_120528" >
        <Coords points="234,444 245,430 258,437 266,429 291,429 302,438 311,429 336,436 347,428 357,434 374,428 381,433 408,431 422,437 460,430 480,434 485,439 499,431 528,431 538,442 547,434 559,435 569,429 577,437 590,430 596,436 615,441 622,434 634,438 665,437 678,446 686,439 704,436 718,436 732,443 751,432 759,432 776,441 802,439 812,447 822,439 833,438 839,440 841,454 826,462 819,459 798,479 787,476 783,480 766,474 720,474 706,465 699,472 689,471 684,476 673,476 662,465 650,475 637,465 619,476 590,461 580,461 563,472 543,473 528,466 522,471 510,464 498,469 476,462 456,472 425,453 408,465 391,461 384,465 376,462 371,467 355,461 345,466 333,455 313,463 249,456 235,462"/>
        <Baseline points="234,444 841,454"/>
        <TextEquiv>
          <Unicode>&quot;Et je laisse avec lui périr tous ses aïeux !&quot;</Unicode>
        </TextEquiv>
      </TextLine>

    
    
      <TextLine id="eSc_line_120529" >
        <Coords points="92,487 94,473 103,471 116,470 124,475 153,468 161,475 183,471 201,475 208,470 235,470 253,476 275,467 305,477 335,471 343,475 349,470 357,477 375,478 400,470 430,480 461,473 473,482 499,471 512,478 555,473 574,486 588,476 606,481 624,477 639,485 647,479 662,481 676,477 696,483 707,480 716,487 731,480 754,484 770,478 776,483 804,481 819,494 847,479 871,499 867,522 860,517 854,521 813,523 784,513 770,521 754,512 744,520 732,518 723,523 711,514 698,522 689,515 650,514 642,509 632,516 622,508 610,515 602,511 592,518 580,511 566,510 556,516 545,508 528,505 493,514 488,510 480,513 471,506 454,506 443,513 435,508 413,508 407,503 395,508 383,502 370,508 351,501 309,508 299,503 282,510 273,503 257,506 225,502 218,506 205,501 195,505 174,497 161,504 154,499 139,504 130,499 104,504 95,497"/>
        <Baseline points="92,487 871,499"/>
        <TextEquiv>
          <Unicode>Toute la tragédie humaine est résumée dans cette guerre ! et </Unicode>
        </TextEquiv>
      </TextLine>

    
    
      <TextLine id="eSc_line_120530" >
        <Coords points="94,527 96,517 101,516 165,517 173,513 197,518 205,513 232,523 246,514 271,522 283,513 329,519 338,512 353,518 387,518 395,512 422,525 436,516 459,524 475,514 509,526 552,517 570,523 594,518 615,524 625,520 631,525 639,520 652,524 660,518 681,525 705,525 711,521 721,529 746,521 757,527 766,523 781,526 787,531 802,524 815,527 822,523 844,531 867,523 882,528 886,539 880,565 856,560 816,568 803,559 795,562 790,558 781,565 769,556 753,552 742,559 699,558 691,563 675,551 648,560 631,548 619,555 602,548 585,557 561,551 543,556 524,551 511,556 498,549 483,553 461,546 449,551 428,545 416,552 398,546 367,549 361,545 350,550 338,544 329,550 300,546 286,551 271,544 259,548 235,542 223,550 213,542 199,548 193,543 178,543 171,548 152,543 132,548 123,543 104,545 96,539"/>
        <Baseline points="94,527 886,539"/>
        <TextEquiv>
          <Unicode>cependant, le plus humble de nos soldats revenant chez moi, de </Unicode>
        </TextEquiv>
      </TextLine>

    
    
      <TextLine id="eSc_line_120531" >
        <Coords points="89,571 91,563 108,554 119,560 140,560 154,554 195,563 204,556 211,560 221,557 231,563 274,562 293,556 305,562 361,561 371,568 392,559 397,563 408,559 427,564 438,558 446,563 475,564 485,556 503,565 516,557 524,564 548,565 566,560 600,569 612,563 636,568 646,563 678,566 684,562 711,573 736,564 753,571 762,564 786,565 806,572 828,566 847,572 851,581 839,596 796,600 790,596 782,598 774,591 760,600 746,589 725,596 713,589 704,596 682,591 644,596 634,588 616,595 598,582 565,599 536,592 516,603 500,592 486,601 472,593 454,590 432,589 423,594 401,591 396,595 383,586 374,593 359,589 351,594 345,589 285,586 265,590 253,586 243,591 233,585 203,585 182,591 174,586 166,589 140,584 118,589 113,585 107,588 91,577"/>
        <Baseline points="89,571 851,581"/>
        <TextEquiv>
          <Unicode>Verdun, en permission, me ferait rougir de honte si j&#39;osais </Unicode>
        </TextEquiv>
      </TextLine>

    
    
      <TextLine id="eSc_line_120532" >
        <Coords points="94,615 109,599 124,602 136,597 178,599 183,595 193,603 271,600 282,608 291,601 307,603 317,596 338,609 363,607 369,611 377,606 385,612 409,601 434,604 445,610 463,603 469,608 483,603 498,608 529,603 534,607 589,608 597,613 614,604 634,613 656,605 670,610 722,605 728,611 758,605 782,615 803,612 812,606 840,621 859,607 877,614 886,612 901,624 898,633 883,643 876,639 850,652 838,653 828,646 804,644 797,648 771,643 753,649 737,637 725,645 707,640 687,642 676,637 660,647 641,646 612,635 595,640 580,634 555,646 540,634 534,638 498,632 487,637 468,633 460,638 445,631 400,638 383,633 320,630 300,638 280,628 266,628 256,634 238,627 220,632 206,630 195,622 182,631 142,627 107,631 96,623"/>
        <Baseline points="94,615 901,624"/>
        <TextEquiv>
          <Unicode>faiblir devant lui.... Ces jeunes gens de vingt-trois ans, que </Unicode>
        </TextEquiv>
      </TextLine>

    
    
      <TextLine id="eSc_line_120533" >
        <Coords points="97,655 99,640 108,644 149,644 157,639 192,646 235,643 255,647 269,643 298,645 306,640 321,648 342,642 348,646 359,640 380,647 395,637 410,647 421,641 435,648 450,643 466,649 487,647 504,655 525,648 549,653 573,643 588,651 611,647 622,655 637,646 647,646 659,655 674,647 697,658 707,652 758,650 775,653 793,663 814,651 820,655 846,652 856,658 863,653 872,656 892,651 913,667 885,690 851,694 839,686 822,692 814,686 800,693 794,688 764,688 757,683 747,687 739,682 728,690 707,684 700,687 685,678 675,685 662,684 652,677 643,681 602,681 596,685 558,679 536,685 525,680 516,687 470,675 461,681 427,675 421,678 409,669 393,677 374,677 368,673 359,677 346,672 320,679 289,675 280,669 260,675 249,670 230,670 222,675 197,674 191,669 180,674 165,670 158,673 143,668 117,675 99,668"/>
        <Baseline points="97,655 913,667"/>
        <TextEquiv>
          <Unicode>nous avons vus blessés à Créans, au début de la guerre, ceux qui </Unicode>
        </TextEquiv>
      </TextLine>

    
    
      <TextLine id="eSc_line_120534" >
        <Coords points="94,699 96,687 113,686 122,679 130,685 165,682 173,687 212,683 224,691 263,684 274,688 287,685 293,691 305,686 354,690 377,687 398,693 410,685 419,691 442,694 475,682 490,691 499,684 521,693 546,688 564,700 586,695 608,701 630,690 645,700 660,689 682,695 692,687 701,692 713,687 720,693 741,693 766,705 780,694 809,694 830,701 841,693 856,693 868,700 871,711 867,733 858,729 845,733 827,719 808,732 782,726 774,732 769,728 759,734 740,727 720,731 658,724 625,726 610,713 594,724 580,721 571,727 556,722 549,728 539,728 518,719 506,725 496,717 481,719 473,725 464,718 453,718 444,724 433,719 428,723 415,722 391,712 376,718 346,718 341,714 328,718 322,714 315,719 302,719 295,713 289,717 280,713 270,717 232,713 226,718 205,712 161,716 155,711 149,715 142,709 110,715 96,704"/>
        <Baseline points="94,699 871,711"/>
        <TextEquiv>
          <Unicode>survivent, sont devenus des vétérans.... et des/héros, sans le </Unicode>
        </TextEquiv>
      </TextLine>

    
    
      <TextLine id="eSc_line_120535" >
        <Coords points="94,739 101,726 120,728 134,722 152,726 159,721 167,727 183,731 192,728 201,734 214,726 232,726 243,721 259,728 267,722 278,730 294,733 305,728 317,731 328,723 336,729 352,729 360,734 404,732 415,726 420,731 434,730 440,734 467,729 480,738 491,731 501,732 515,726 526,734 538,729 549,734 573,730 608,741 616,738 624,744 641,732 652,731 664,736 671,734 682,742 701,728 713,736 727,731 745,737 777,735 789,730 813,739 825,732 836,739 849,735 873,741 879,738 899,749 871,765 860,764 854,769 844,763 825,775 803,768 791,777 778,769 734,770 724,774 684,764 672,772 660,772 655,767 633,770 617,766 606,770 590,764 533,765 526,760 510,767 504,763 496,767 481,757 446,764 415,757 407,760 376,756 354,763 345,756 297,758 291,754 276,763 259,762 253,756 204,756 196,752 186,757 96,752"/>
        <Baseline points="94,739 899,749"/>
        <TextEquiv>
          <Unicode>savoir. Mourir pour eux n&#39;est plus rien. Ils s&#39;oublient tota-</Unicode>
        </TextEquiv>
      </TextLine>

    
    
      <TextLine id="eSc_line_120536" >
        <Coords points="98,779 100,766 111,763 120,769 138,764 144,768 160,764 167,767 173,763 186,773 202,766 209,771 228,761 245,768 260,766 268,772 285,765 321,775 344,767 352,773 372,768 390,773 403,767 425,773 438,769 455,779 485,767 520,780 532,773 561,774 568,780 600,770 623,777 631,771 655,772 665,777 673,772 693,776 701,773 706,777 717,773 784,787 808,774 851,785 862,777 874,779 881,774 889,778 900,773 902,791 899,799 890,804 855,803 840,813 833,811 825,816 773,812 768,815 760,810 739,809 731,813 716,802 680,811 668,807 652,815 633,807 617,809 605,801 593,810 587,806 576,810 562,802 548,808 540,803 526,808 494,805 487,800 471,806 451,800 436,808 426,801 402,799 395,803 376,797 363,804 356,799 323,800 315,796 283,802 262,796 245,800 212,793 192,793 181,799 162,793 135,793 128,798 122,793 100,794"/>
        <Baseline points="98,779 902,791"/>
        <TextEquiv>
          <Unicode>lement. Déjà ils n&#39;existent plus que pour l&#39;avenir.... eux, des </Unicode>
        </TextEquiv>
      </TextLine>

    
    
      <TextLine id="eSc_line_120537" >
        <Coords points="100,824 102,805 130,810 145,802 154,809 169,805 179,810 198,808 211,812 258,808 279,813 310,812 321,818 366,810 393,810 403,818 416,810 426,814 453,811 465,817 477,812 489,818 521,811 532,819 545,812 557,817 569,814 588,824 613,810 624,817 647,814 657,821 680,813 692,817 703,811 725,823 732,818 780,818 793,813 819,826 832,817 851,820 859,814 885,818 901,833 898,841 883,841 860,856 845,853 840,857 813,859 799,851 786,854 770,845 758,844 725,856 721,852 715,855 705,847 662,853 634,848 627,853 619,847 607,849 595,840 579,851 567,850 559,844 548,852 539,845 531,849 491,840 480,846 452,842 439,848 420,840 396,840 388,846 381,843 365,847 336,834 313,845 301,837 293,842 269,837 253,846 245,840 220,840 215,836 200,840 188,835 172,843 154,835 147,839 142,835 131,841 123,835 116,838 101,832"/>
        <Baseline points="100,824 901,833"/>
        <TextEquiv>
          <Unicode>enfants ! Vaincre, voilà leur seul but, leur seule pensée. Vain-</Unicode>
        </TextEquiv>
      </TextLine>

    
    
      <TextLine id="eSc_line_120539" >
        <Coords points="98,903 100,888 105,884 109,888 125,888 149,883 155,889 169,884 181,891 195,891 208,900 219,890 230,893 236,888 246,893 262,889 273,896 279,891 326,891 337,887 344,894 360,891 370,905 367,926 358,920 343,930 335,922 323,924 314,918 301,922 280,920 274,925 267,918 262,922 239,917 206,923 182,915 173,921 143,915 132,923 125,916 111,919 99,914"/>
        <Baseline points="98,903 370,905"/>
        <TextEquiv>
          <Unicode>justice, pour l&#39;idée! </Unicode>
        </TextEquiv>
      </TextLine>

    
    
      <TextLine id="eSc_line_120538" >
        <Coords points="101,864 103,850 142,848 148,853 158,845 170,851 196,847 204,852 212,848 218,853 229,847 239,851 265,846 283,858 295,857 307,847 317,853 352,851 365,856 380,855 389,849 406,857 431,847 458,857 473,854 480,860 496,852 516,861 529,851 541,857 555,855 574,865 591,852 604,857 615,852 639,861 651,852 680,860 728,856 744,865 755,857 827,857 841,860 844,873 841,889 823,884 810,894 792,897 773,887 756,899 729,889 712,893 683,891 672,881 658,892 641,889 631,897 620,890 608,892 585,887 560,891 554,888 544,896 536,890 521,892 508,886 475,888 466,881 455,890 422,881 402,883 388,892 363,878 339,881 329,888 314,879 274,883 261,873 237,886 215,878 200,881 180,875 159,884 144,880 134,885 119,875 103,879"/>
        <Baseline points="101,864 844,873"/>
        <TextEquiv>
          <Unicode>cre pour qui ? Pour eux-mêmes ? Non, pour le pays, pour la </Unicode>
        </TextEquiv>
      </TextLine>

    
    
      <TextLine id="eSc_line_120542" >
        <Coords points="96,1019 101,1008 138,1004 147,1008 178,1007 195,1016 204,1009 222,1007 229,1012 243,1006 277,1014 285,1008 309,1009 318,1017 332,1008 354,1017 394,1010 424,1015 437,1008 452,1020 465,1013 498,1016 510,1008 541,1019 584,1010 623,1015 633,1021 646,1015 675,1013 685,1015 695,1024 708,1014 714,1018 742,1014 750,1019 780,1013 798,1019 812,1015 823,1019 841,1016 856,1033 824,1056 790,1047 777,1057 768,1052 734,1053 716,1045 706,1052 691,1047 679,1054 673,1049 659,1051 635,1043 626,1046 618,1040 603,1051 575,1044 566,1047 548,1040 535,1049 529,1045 517,1050 494,1043 484,1050 474,1044 434,1044 429,1040 406,1047 399,1042 383,1045 366,1037 335,1040 317,1035 281,1041 274,1036 266,1041 256,1036 250,1040 228,1035 220,1041 213,1035 185,1037 177,1033 158,1040 144,1032 113,1035 98,1031"/>
        <Baseline points="96,1019 856,1033"/>
        <TextEquiv>
          <Unicode>savoir, c&#39;est que le moindre succès suffira pour soutenir les </Unicode>
        </TextEquiv>
      </TextLine>

    
    
      <TextLine id="eSc_line_120541" >
        <Coords points="104,978 110,966 134,966 150,973 160,966 168,971 193,968 237,973 258,964 272,973 289,971 305,982 318,974 333,978 339,973 367,972 395,979 415,973 421,976 428,972 454,972 478,980 494,973 502,977 515,970 549,979 560,972 574,977 585,972 594,977 614,977 622,971 652,987 668,977 686,974 711,976 719,982 732,976 747,976 756,983 789,975 819,976 828,983 844,975 852,980 879,976 892,986 895,994 881,1005 864,1005 848,1015 813,1014 804,1007 788,1016 765,1010 757,1015 718,1012 708,1004 699,1011 680,1008 656,1013 639,1006 600,1013 586,1007 556,1005 535,1010 519,1006 514,1010 503,1002 482,1009 474,1005 468,1010 425,1003 409,1011 392,1004 371,1008 344,1002 338,1006 329,999 311,1004 303,998 296,1002 262,998 255,1003 243,996 234,995 222,1001 192,992 185,997 167,995 156,1001 150,995 144,998 131,993 115,997 106,991"/>
        <Baseline points="104,978 895,994"/>
        <TextEquiv>
          <Unicode>des revers même, - nous sommes prêts à tout : mais ce qu&#39;il faut </Unicode>
        </TextEquiv>
      </TextLine>

    
    
      <TextLine id="eSc_line_120540" >
        <Coords points="262,945 263,929 270,924 279,925 289,934 299,925 311,932 325,926 338,931 351,929 372,937 386,936 398,929 417,942 427,933 442,935 449,931 453,936 470,935 480,940 493,931 497,935 505,931 515,937 539,935 548,939 552,935 565,944 593,930 609,937 618,933 631,937 647,933 666,936 674,932 682,937 705,937 711,943 721,934 756,941 781,935 846,939 861,931 873,938 884,931 906,945 911,944 914,952 911,968 897,970 892,965 873,964 854,979 825,978 821,973 772,973 766,977 749,964 737,973 717,973 707,963 689,973 683,970 675,974 668,968 659,972 650,964 640,971 626,964 614,971 592,969 576,974 570,969 564,972 553,962 535,968 524,961 511,971 502,967 495,972 470,965 427,967 415,957 395,968 391,964 381,966 375,960 368,964 328,959 293,963 282,955 264,960"/>
        <Baseline points="262,945 914,952"/>
        <TextEquiv>
          <Unicode> J&#39;admets que nous aurons encore bien des difficultés, </Unicode>
        </TextEquiv>
      </TextLine>

    
    
      <TextLine id="eSc_line_120543" >
        <Coords points="103,1060 108,1045 146,1049 158,1043 167,1049 190,1046 224,1051 251,1045 270,1052 280,1045 288,1050 306,1051 317,1045 339,1054 357,1051 393,1058 401,1052 425,1051 443,1056 461,1049 484,1059 513,1049 534,1060 545,1052 581,1057 590,1050 602,1055 626,1051 662,1056 671,1052 684,1062 695,1054 721,1053 726,1056 762,1052 775,1061 786,1054 829,1057 851,1047 872,1067 869,1079 835,1085 813,1098 806,1092 788,1095 776,1088 763,1092 754,1089 745,1094 729,1088 715,1094 699,1085 685,1092 672,1088 663,1091 645,1087 636,1091 597,1086 574,1090 566,1096 554,1087 529,1089 512,1084 504,1090 495,1083 490,1087 470,1083 441,1086 432,1082 405,1086 395,1078 381,1079 372,1086 359,1081 353,1086 339,1078 313,1084 298,1077 207,1078 195,1074 180,1082 162,1073 122,1073 117,1077 105,1073"/>
        <Baseline points="103,1060 872,1067"/>
        <TextEquiv>
          <Unicode>courages, les exalter ; que dis-je, les pousser jusqu&#39;à l&#39;abné-</Unicode>
        </TextEquiv>
      </TextLine>

    
    
      <TextLine id="eSc_line_120544" >
        <Coords points="103,1100 110,1088 127,1080 133,1086 145,1082 184,1088 189,1084 210,1086 217,1081 230,1089 258,1086 270,1090 286,1084 293,1090 322,1097 341,1086 357,1095 368,1088 392,1093 407,1089 421,1092 426,1088 440,1095 449,1086 463,1086 483,1102 491,1099 493,1106 490,1114 469,1128 462,1122 444,1125 406,1119 393,1123 386,1117 369,1128 353,1112 331,1119 318,1115 288,1119 265,1113 258,1119 254,1115 207,1111 169,1114 142,1110 115,1120 104,1109"/>
        <Baseline points="103,1100 493,1106"/>
        <TextEquiv>
          <Unicode>gation volontaire et fanatique. </Unicode>
        </TextEquiv>
      </TextLine>

    
    
      <TextLine id="eSc_line_120546" >
        <Coords points="106,1179 108,1155 120,1161 138,1156 154,1163 180,1157 195,1166 218,1159 244,1174 264,1161 270,1166 293,1163 303,1171 317,1163 325,1168 351,1163 359,1169 370,1164 385,1171 416,1165 424,1172 434,1168 446,1173 455,1171 468,1179 486,1167 504,1172 531,1160 546,1165 568,1162 629,1167 671,1162 684,1173 697,1165 724,1160 747,1170 759,1163 785,1181 795,1174 832,1173 851,1178 858,1173 862,1191 859,1205 852,1209 846,1204 837,1209 822,1202 813,1207 807,1202 780,1199 737,1213 712,1200 694,1208 670,1198 648,1199 632,1206 616,1197 590,1198 583,1193 565,1207 552,1201 544,1205 537,1200 525,1204 515,1196 499,1194 485,1203 443,1195 427,1199 409,1195 384,1207 370,1197 360,1196 351,1202 332,1199 323,1206 315,1201 301,1208 276,1191 261,1196 246,1191 235,1197 228,1191 214,1196 204,1190 198,1193 164,1187 137,1189 126,1198 113,1195 108,1199"/>
        <Baseline points="106,1179 862,1191"/>
        <TextEquiv>
          <Unicode>maintenant, pour l&#39;Angleterre, l&#39;Empire britannique tout entier </Unicode>
        </TextEquiv>
      </TextLine>

    
    
      <TextLine id="eSc_line_120545" >
        <Coords points="286,1142 288,1121 295,1119 320,1138 331,1127 345,1130 363,1123 368,1129 376,1126 382,1130 392,1125 406,1139 431,1121 450,1135 469,1132 477,1124 489,1134 503,1125 513,1135 527,1126 544,1129 579,1122 588,1131 609,1136 622,1125 656,1128 662,1134 682,1128 704,1132 735,1128 764,1139 788,1132 816,1131 829,1135 841,1149 838,1165 805,1160 784,1165 769,1162 762,1155 754,1161 725,1160 716,1155 707,1162 697,1161 690,1154 684,1160 670,1159 661,1164 646,1158 640,1161 607,1156 582,1161 569,1151 547,1165 541,1159 529,1158 514,1164 499,1161 492,1168 484,1161 445,1163 434,1155 420,1164 408,1165 401,1159 352,1161 344,1154 332,1164 325,1157 314,1161 287,1157"/>
        <Baseline points="286,1142 841,1149"/>
        <TextEquiv>
          <Unicode>Et ce qui est vrai pour la France l&#39;est aussi, </Unicode>
        </TextEquiv>
      </TextLine>

    
    </TextRegion>
    
  </Page>
</PcGts>
