960 1280
400 69 605 117 LETTRE N° 175.
56 115 213 172 SÉNAT
597 131 880 185 PARIS, 3 Novembre 1916.
280 227 704 279 LES CONDITIONS d'une PAIX DURABLE.
442 327 643 369 Mon cher Butler,
90 336 248 450 ££
293 454 878 508 Pendant que la foule et les plus généreux de nos
137 502 891 552 enfants se donnent sans compter, beaucoup de gens au contraire
145 546 893 589 souhaitent que la guerre dure indéfiniment et qu'elle continue
147 587 884 630 de leur prodiguer les satisfactions d'orgueil, de carrière, de
147 624 880 669 bien-être, d'argent. Pour ceux-là, je l'ai écrit souvent, la
147 663 892 711 guerre est un bienfait, la fin de la guerre sera la désolation,
142 702 871 749 la cessation de leurs privilèges, le retour au régime commun ;
145 747 874 788 bien pire, elle sera le commencement de l'expiation, la carte
147 782 882 826 formidable à payer, les comptes terrible à régler, l'échéance
147 822 800 870 qu'il faut reculer, à tout pris, le plus loin possible.
300 861 888 908 En attendant, on parle quand même, sans faiblir, -
149 898 896 947 car l'oppression du militarisme prussien est une menace intolé-
149 940 868 987 rable, - mais enfin on parle de la paix, ou plutôt des condi-
151 980 919 1026 tions de la paix qu'il faudra organiser après la victoire. Notre
147 1019 866 1065 effort d'avant la guerre, tout le monde à présent le reprend,
151 1058 849 1108 quand il est trop tard ; on le reprend, et si la discussion
148 1090 896 1146 n'est pas ouvert, puisque personne en peut savoir encore ce que
75 1164 563 1225 à Monsieur le Président N. Murray BUTLER.
