960 1280
433 19 540 64 - 10 -
78 74 874 131 exercices de dévastation. En fait, chaque parcelle de terre est
81 119 866 170 cultivée, à l’exception des tranchées et des cordons de fils de
78 164 842 212 fer de seconde et troisième lignes où les herbes poussent,
78 205 876 252 ronces naturelles dans les ronces artificielles ; mais en dehors
81 246 890 295 de ces étroites lignes, volontairement sacrifiées, le pays entier
77 289 885 336 n’est que moissons mûres. Je suis allé, depuis lors, en Bourgo-
81 331 839 377 gne, aux environs de Dijon. Jamais l’aspect de notre vignoble
79 369 882 418 n’a été plus beau. La vendange s’annonce très bien. Le vin sera
81 452 869 501 nes. J’en dirais autant de la prospérité des campagnes que j’ai
84 413 851 459 excellent et hors de prix. Les viticulteurs feront des fortu-
79 535 868 582 Quelle leçon pour l’avenir ! Des femmes, des enfants, des vieil-
82 494 856 541 traversées en allant en Suisse. C’est un spectacle stupéfiant !
83 569 868 623 lards ont pur mener à bien tout ce travail ! – ££P££endant la récolte,
86 614 847 664 il est vrai, l’autorité militaire envoie des régiments entiers
85 698 856 744 aux récoltes, puis aux vendanges. On emploie aussi des prison-
90 658 847 706 en permission ; ils se succèdent et se relaient, de la fenaison
82 777 833 827 portants chez nous et quand on sait que les nôtres meurent de
86 740 850 787 niers allemands : terrible problème. Quand on les voit si bien
89 857 874 905 verrons là-bas, après la guerre, ces hommes valides en échange des
90 820 868 866 faim et de fatigue en Allemagne, et quand on se dit que nous ren-
85 899 866 946 nôtres épuisés. Nous aurons préparé ainsi une renaissance alle-
86 937 877 985 mande, tandis que les Allemands, plus machiavéliques, poursuivent
86 982 634 1031 ce qu’ils appellent la fin de la France…..
92 1058 829 1105 la France continue de porter ses fruits partout où elle n’est
265 1022 835 1067 Quoiqu’il en soit, par un moyen ou par un autre,
93 1141 858 1183 systématique, l’anéantissement sauvage et le martyre de tout un
96 1096 872 1148 pas occupée par l’ennemi : là c’est, au contraire, le dépeuplement
96 1186 865 1227 peuple. Les Allemands prétendent que nous poursuivons niaisement
