960 1280
423 27 508 65 - 12 -
62 78 843 135 quantité de petits détachements d’hommes arrivant sans bruit,
64 129 879 174 comme des voyageurs, de tous les dépôts, de tous les villages de
62 217 845 261 de soldats laboureurs ; beaucoup aussi sont employés dans des
67 171 882 218 France, où ceux qui restent, en attendant le retour, font office
68 257 869 303 ateliers. Mon menuisier est mobilisé ; un chasseur ou deux, -
70 297 875 344 également menuisiers avant la guerre, - donnent quelques-unes de
72 338 887 388 leurs journées à son vieux père et à la maison et finalement
72 382 869 429 le commerce marche ; et de même pour la plupart des autres corps
69 435 209 472 de métier.
248 459 880 514 Ainsi la fermière continue de gagner sa vie ; elle
73 515 898 556 vend sa récolte, ses animaux, ses canards, ses épaules, son beurre,
73 559 828 599 son vin, son cidre et tout cela un peu plus cher qu’en temps
74 593 842 639 normal, parce qu’elle a beaucoup plus de peine tout de même à
76 642 863 682 trouver sa main-d’œuvre et parce que, en général, elle la paie
72 675 863 722 aussi plus cher. De même la femme du menuisier, du boucher, de
78 724 885 764 l’épicier, du maréchal-ferrant, du charron, etc… etc… Seul le
76 760 891 805 XXXXXX prix du pain n’a pas monté pour le public, l’Etat prenant
76 799 871 848 sur lui la différence entre le prix d’achat du blé et le prix de
77 841 872 887 vente du pain. En ville, il y a des magasins fermés, mais d’au-
77 884 859 929 tres se sont rouverts, à commencer par les pâtissiers qui, eux,
79 924 874 969 n’ont jamais fermé ; les militaires de passage ont de l’argent à
83 962 857 1008 dépenser ; de même les blessés, les convalescents, les éclopés.
78 1007 851 1049 Les femmes cumulent leurs salaires, comme j’ai dit, avec leurs
78 1042 885 1091 allocations : les enfants, - hélas ! – sacrifient leur instruction
79 1085 882 1134 pour gagner prématurément leur vie. C’est tout un monde qui par-
81 1132 836 1177 ticipe à des distributions de salaires venus d’en haut. Nous
