960 1280
416 48 519 87 - 6 -
89 88 870 180 avec un pouvoir législatif, un pouvoir judiciaire et un pouvoir
84 146 247 188 exécutif...
252 193 884 247 Quand nous disions cela, nous autres, membres de la
92 222 867 285 Conférence de La Haye, fondateur de la Conciliation, promoteurs
96 264 870 328 d'une éducation nationale et internationale de la paix, c'était
92 305 878 369 ridicule, et la presse gouvernementale et académique de tous les
94 347 828 406 pays avait pour mot d'ordre d'étouffer notre voix ou de nous
92 388 501 440 signaler à la défiance générale.
240 437 892 488 Mais maintenant, la guerre a confirmé notre démonst€r€a-
92 477 839 526 tion ; les aveugles voient, les sourds entendent ; il a fallu
94 521 842 566 des millions de victimes humaines pour leur ouvrir les yeux et
91 561 854 612 les oreilles. Et M. Gabriel Hanotaux, fort intelligent oppor-
94 597 835 649 tuniste, sera le premier à faire les honneurs des idées qu'il
89 642 824 689 ne pouvait admettre en nous. C'est dans l'ordre, mais c'est
91 683 845 737 un bon signe ; je dirais un signe excellent si j'étais capable
94 725 843 780 de me consoler jamais qu'il ait fallu tant de douleurs et tant
88 760 864 816 de deuils pour faire comprendre, après €l€a guerre, ce qu'il était
88 804 744 857 si simple, mais non sans risques, de comprendre avant.
417 860 775 914 Votre affectueusement dévoué,
358 912 857 992 ££ ££ ££
27 1054 530 1105 à Monsieur le Président N. Murray BUTLER.
256 1099 378 1146 NEW-YORK.
