960 1280
447 11 545 66 - 14 -
95 100 928 154 temps que les vêtements de sport. Je n’ai pu m’empêcher d’expri-
97 150 894 195 mer mon étonnement devant l’élégance de ce magasin, le luxe de
103 194 920 241 sa clientèle. "Ne m’en parlez pas", me répond naïvement le com-
103 237 879 281 mis, un homme âgé, qui me suivait, "j’en ai honte !!! Je n’ai
103 278 917 324 jamais tant vendu ! Jamais on n’a tant dépensé ! Cela ne devrait
102 320 910 367 pas être permis". Il me donne alors quelques détails. Dans cer-
106 364 882 410 tains milieux, c’est un raffinement de commandes de lingeries,
104 403 893 451 de vêtements, de chaussures. Et je ne parle pas XXXXXXXXXX des
106 444 920 495 femmes seulement. Même observation jusque sur le front. Certain
105 489 892 535 régiment de cavalerie qui nous a reçus à son campement, vivant,
106 532 900 577 l’hiver dans un village, l’été en pleins champs, sous la tente,
107 572 894 617 n’en était pas moins prêt pour la parade comme pour la charge :
102 613 900 661 les chevaux bien nourris, fringants, le poil luisant au soleil,
103 657 903 703 les hommes vigoureux et de bonne mine, les officiers plus qu’ir-
107 697 902 743 réprochables dans leurs uniformes pittoresques, - et tout à fait
105 740 908 784 beaux sous les armes. Ils  nous rappelaient les gravures classi-
107 780 897 826 ques des armées du premier empire. Encore un peu, si la guerre
110 821 903 865 dure, et la fantaisie aidant, nous verrons surgir à un luxe sobre,
113 862 901 910 discret sans doute, mais un véritable luxe de tenues militaires.
116 944 918 988 nuient ; l’élégance est une distraction pour certains d’entre eux.
118 902 906 949 Les officiers sont bien payés : quand on ne se bat pas, ils s’en-
117 981 894 1029 Trop peut-être. – Mais la dépense n’est pas chez eux seulement,
118 1020 914 1069 elle s’est démocratisée. On ne se refuse rien. Qui sait de quoi
118 1060 924 1106 demain sera fait ? Du haut en bas tout le monde dépense sans comp-
118 1099 912 1146 ter, même les plus pauvres. Pour la plupart cette dépense est un
121 1138 914 1188 soulagement ou un bienfait. Chaque famille envoie plusieurs fois
124 1181 830 1233 par semaine des colis postaux aux soldats, ou blessés, aux
