960 1280
405 11 492 54 - 6 -
30 88 852 154 comme responsables, les Dirigeants. Avec ceux des prisonniers
35 177 880 236 seul. – De même causent et fraternisent les soldats français et
37 134 886 188 allemands qui parlaient français, il causait et il n’était pas le
38 224 856 279 allemands de tranchée à tranchée, échangeant des journaux, des
42 266 903 324 cigarettes, se prévenant à temps pour s’épargner des mauvais coups,
43 306 914 367 une explosion de mine, par exemple. Bien entendu cette camaraderie
45 354 821 407 entre ennemis est interdite par notre commandement, et avec
46 396 911 453 raison : je suis convaincu néanmoins qu’elle n’est pas en danger
43 440 893 504 pour les armées allemandes et qu’elle a incité plus d’un prison-
49 486 902 539 nier allemand à se faire prendre volontairement. En tout cas, le
47 571 902 631 être sous sa garde que dans leurs tranchées et ne se gênaient pas
51 528 888 590 fermier dont je parle prétend que ces prisonniers aiment mieux
55 615 880 673 pour le dire ! En outre, ils racontaient ce qu’ils savaient des
55 661 861 719 mensonges de leur Gouvernement ; d’autre part il mettait au
60 744 883 811 su qu’il en est généralement ainsi sur toute l’étendue de notre
61 701 921 768 point les exagérations ou les inexactitudes de nos journaux. J’ai
62 781 914 851 front : l’esprit de l’amitié est le plus fort que la haine, - l’esprit
57 829 884 891 de justice prendra sa revanche du mauvais esprit. Ce fermier a
62 875 886 931 résumé exactement, je crois, le sanglant de beaucoup de braves
65 917 882 975 gens qui ne veulent ni livrer la France au militarisme allemand
60 957 886 1023 ni supprimer l’Allemagne, et je suis convaincu qu’il était plus
61 1003 893 1065 d’accord avec l’immense majorité de la France que M.  Clemenceau
66 1045 858 1107 quand il me disait : "on pourra nous raconter ce qu’on voudra :
72 1090 849 1149 tout le monde voulait pas la guerre ! L’Allemagne, il est
72 1126 901 1189 vrai, l’a déclarée, c’est le malheur de tout le monde : mais cela
74 1173 884 1240 n’empêche pas qu’il y avait en France des gens qui la voulaient
