1920 2560
921 38 1265 147 LETTRE N° 477.
1322 138 1888 241 PARIS, 4 Février 1919.
829 356 1333 465 LE PRÉSIDENT WILSON
665 435 1395 552 RECU à la CHAMBRE DES DÉPUTÉS .
1034 729 1454 819 Mon cher Butler,
770 962 1870 1064 Le Parlement, – les deux assemblées réunies à
420 1024 1870 1149 la Chambre des Députés, – a reçu hier, en séance solennelle,
435 1117 1836 1226 le président des États-Unis. Les journaux vous donnent le
426 1194 1813 1307 compte-rendu de cette manifestation grandiose et le texte
426 1269 1796 1393 des deux discours du président Deschanel et du président
426 1348 597 1450 Wilson.
776 1420 1892 1553 Je relèverai seulement ceci, - nouvelle affir-
409 1499 1777 1634 mation, aggravation des paroles prononcées, condam-
411 1585 1830 1717 nation de la négligence et de l’erreur gouvernementale que
409 1661 1757 1796 nous avons vainement essayé de combattre avant la guerre:
776 1751 1811 1881 Le président Wilson a dit plusieurs fois, en
422 1806 1821 1962 substance, à la Sorbonne et ailleurs : "cette guerre aurait
409 1892 1779 2037 "pu être évitée, si €une organisation€ de conciliation avait
872 1894 1190 1937 un organisme
409 1984 1634 2101 "été prévu et s’il avait fonctionné avant la guerre".
759 2060 1572 2182 Hier il a dit, en d’autres termes :
85 2220 1198 2336 à Monsieur le Président Nicholas Murray BUTLER.
