1920 2560
810 36 940 134 - 6 -
153 172 1696 298 s’il n'y a pas, au contraire, développé ou ravivé à l'excès
160 264 1755 386 en lui le goût des luttes violentes, au détriment des victoi-
160 358 1661 467 res que lui assuraient sa raison et son ambition €€ d'être
168 454 1723 561 utile. On peut être énergique, dévoué, héroïque de bien des
160 526 1713 640 façons. La plus noble forme d'énergie doit finir par l'éli-
162 618 1738 729 mination, autant que possible, de la violence et par la domi-
157 699 1753 814 nation de ses instincts primitifs. Le courage d'un être doux
174 787 1687 898 vaut celui d'un être violent ; le fils de Jaurès s'est fait
179 876 1753 981 tuer comme celui de Roosevelt. Et je me demande si l'énergie
170 966 1747 1070 de ce dernier a gagné à se mégalomaniser en Afrique, au lieu
177 1043 1753 1154 de se maîtriser aux Etat-Unis. J'ai vu à Paris le Président
196 1134 1755 1239 Roosevelt, au retour de ces expéditions herculéennes ; je l'ai
185 1222 1806 1322 trouvé changé ; je n'ai pu l'intéresser, à cette époque, malgré
185 1312 1696 1405 mes pressants appels, au problème de l'Alsace-Lorraine dont
189 1410 1678 1491 il aurait pu si utilement, pensais-je, entretenir à Berlin
177 1478 1657 1587 l'Empereur Guillaume II ; pas davantage à la Russie, qu'il
196 1572 1753 1657 n'a pas comprise dans l'itinéraire de ses visites en Europe. -
196 1655 1591 1745 Il m'a semblé que la politique du "big stick" tendait à
194 1740 1651 1830 l'emporter en lui sur celle de l'idéalisme pratique dont il
204 1819 1482 1911 avait commencé vraiment à donner un modèle au monde.
554 1883 1772 2005 J'ai compris, plus tard, en le voyant reprendre
202 1962 1802 2099 aux Etats-Unis une existence de continuelles luttes intérieures,
192 2065 1683 2176 que la vie d'un ancien chef d'Etat, jeune encore, est, pour
202 2150 1664 2265 ainsi dire, impossible. Il n'y a place pour lui nulle part,
204 2227 1747 2348 sauf à Mont Vernon ou à la charrue de Cincinnatus, ou dans le
