1920 2560
889 67 1064 123 - 5 -
295 216 1762 314 sculptées un des pans de murs de la grande pièce. Encore
310 312 1780 402 intacte et pure, elle a été achetée par un trafiquant qui
304 395 1786 481 l'a déménagée pierre par pierre pour l'expédier, Dieu sait
307 477 1879 563 où : Ces marchands de curiosité pour un bon nombre cependant,
307 564 1837 645 avant la guerre, étaient Français ; ils contribuaient à meu-
313 651 1846 728 bler sans doute bien des palais du Nouveau Monde, mais aussi
319 734 1861 813 de somptueux hôtels à Paris ou de belles maisons de campagne.
307 901 1801 980 maisons. Paris, dans cinquante ans, s'il n'est/pas détruit,
310 819 1882 899 Aujourd'hui, les somptueux hôtels se videront comme les belles
319 983 1736 1061 ou s'il n'est pas peuplé de magasins et d'hôtels-palace
322 1069 1843 1147 remplaçant nos habitations particulières, ne sera qu'un lieu
319 1152 1861 1227 de passage pour les étrangers, une ex-grande ville, embarras-
319 1228 1861 1307 sée de son passé, comme Bordeaux, Nantes et tant d'autres, où
325 1395 1849 1473 se sont transformées en ateliers et en magasins. Les musées
331 1315 1867 1387 les riches maisons dégradées, tombées aux mains des mercanti ,
331 1483 1771 1557 particuliers de l'autre côté de l'Océan se rempliront des
316 1559 1771 1635 trésors de nos foyers ; trop heureux encore que ces trésors
325 1643 1837 1717 n'aient pas été anéantis ! Nos portraits de famille, devenus
331 1725 1846 1798 anonymes, décoreront les palais des milliardaires de Chicago,
334 1805 1721 1877 de Seattle, de Sydney ; nos mères, nos grand'mères qui,
343 1881 1786 1956 toujours jeunes dans leurs cadres, dans l'atmosphère de la
340 1963 1810 2037 maison et du pays, €souriaient€ à notre enfance et à l'enfance
829 1946 1038 1990 ££
346 2043 1807 2117 de nos enfants et les encourageaient à bien vivre, à croire
340 2125 1849 2199 que rien n'est perdu et que bon sang ne peut mentir, - souri-
346 2204 1912 2272 ront à des étrangers. Leurs doux visages n'auront plus personne
