1920 2560
877 70 1053 131 - 7 -
274 234 1691 306 Anglais et leurs colonies se sont rencontrés, dans leur
262 308 1822 390 ingorance native, et se sont aussitôt/remis à ignorer le reste
265 403 1792 471 du monde. Par paresse, par timidité, par orgueil, les trois
265 478 1798 553 quarts des membres de la Conférence ne veulent connaître que
265 570 1792 636 l'anglais ; Lloyd George et Balfour ne veulent parler qu'an-
265 739 1855 810 Japonais, en attendant qu'ils réclament l'usage de leur langue.
283 649 1804 717 glais ; de même le Président Wilson et M. House ; de même les
259 820 1789 886 Et même les Serbes ! Et cela seul expliquerait déjà tout ce
259 906 1688 975 qui sépare à Paris les nations les unes des autres, plus
277 986 948 1060 radicalement qu'à La Haye.
632 1063 1751 1132 Le français a cessé d'y remplir son office,
256 1149 1736 1213 d'y rendre son grand service de clarté et de conciliation.
638 1235 1739 1295 Ainsi la France victorieuse aura perdu, par
265 1318 1780 1382 cette guerre, une part de sa population, de sa force, de ses
283 1396 1825 1463 ressources, de ses trésors, de son génie ; elle va voir venir,
268 1566 1733 1622 ristes ; mais ces touristes s'arrêteront le moins possible
283 1481 1706 1539 il est vrai, à elle une multitude de visiteurs et de tou-
277 1642 1786 1707 chez elle, où la vie sera trop gênée pour eux, trop étriquée ;
280 1726 1724 1785 ils ne voudront pas se mettre à jouer le voyage de M. Per-
286 1806 1759 1867 richon ; ils iront en auto chercher des hôtels confortables
280 1962 1768 2029 hôtels, ignorer la France, fuir la France qu'il leur suffira
289 1884 1765 1953 en Suisse, en Allemagne, en Italie, parler anglais dans ces
277 2043 1649 2105 de traverser, mécontents des exigences de ses habitants,
283 2198 1330 2268 casino qu'on visite et qu'on n'habite pas.
286 2119 1730 2186 enclins à la traiter en champ de bataille, en ruine, ou en
