1920 2560
972 64 1109 145 - 4 -
302 232 1834 343 le chemin jusqu'alors impraticable de la paix. Et c'est bien
311 332 1792 424 parce que ce chemin fut dégagé que, grâce encore à la géné-
320 416 1845 507 reuse et sage initiative de votre pays, la Seconde Conférence
320 494 1817 590 de La Haye a pu s'ouvrir en 1907. - Le Tzar aurait définiti-
311 580 1843 674 vement renoncé à la convoquer s'il n'y avait XXX été littéra-
302 663 1757 763 lement forcé par le Gouvernement des Etats-Unis. Aujourd'
311 746 1826 840 hui la guerre a de nouveau relégué ces premiers efforts déci-
315 823 1766 921 sifs dans un passé que le scepticisme affecte de considérer
302 915 1824 1013 comme nul. En fait, la Société des Nations, dont nous allons
302 989 1870 1107 enfin poser les bases, ne sera que le développement de l’œuvre
302 1077 578 1154 de La Haye.
678 1373 1779 1508 Ce que j'ai toujours admiré chez le Président
313 1469 1792 1593 Roosevelt, c'est que son attachement au Droit et à la Justice
302 1544 1672 1664 n'était pas seulement un effet de sa générosité et de sa
305 1634 1702 1755 bonté naturelles, mais une conséquence de son patriotisme,
320 1706 1638 1824 une obligation dictée par sa raison même, par sa volonté
313 1781 1772 1911 réfléchie de bien servir son pays. Il voulait que les Etats-
300 1864 1730 1998 Unis fûssent prospères et forts pour bien servir l'Humanité,
302 1941 1764 2075 et il comprenait que le Monde ne pouvait progresser, ni vivre
307 2016 1689 2150 dans l'injustice et la discorde. - Notre devise de la Con-
313 2086 1770 2231 ciliation : "PRO PATRIS PER ORBIS CONCORDIAM" aurait pu être
302 2163 1706 2304 la sienne ; en fait, elle est devenue celle de beaucoup de
309 2242 1755 2391 ses compatriotes et de ses amis. Elle a plus d'avenir qu'on
320 2304 537 2391 ne pense.
