1920 2560
140 212 435 297 SÉNAT
847 153 1252 232 LETTRE N° 486.
1261 306 1798 378 PARIS, 13 Février 1919.
343 560 1837 647 QUE SERAIT-CE S'IL ETAIT VAINCU : - UNE VICTOIRE à la PYRRHUS !
626 482 1628 572 LE BILAN DU NATIONALISME VAINQUEUR ££
426 652 1745 734 L'ART FRANCAIS. - . LA LANGUE FRANCAISE.-.AU CINEMA.
1121 841 1518 906 Mon cher Butler,
378 1136 1771 1207 désastres que la France, hélas : devra, malgré sa victoire, à
713 1061 1768 1132 Je veux faire le compte des turpitudes et des
372 1220 1754 1282 la sottise nationaliste. Ce compte est infini, mais chacun
372 1292 1691 1356 de nous doit d'autant plus contribuer à l'établir. Avoir
372 1364 1759 1432 fait échouer, par ses intrigues et ses journaux, nos efforts
375 1443 1765 1505 pour fonder la paix, puis, la guerre finie, (si on peut dire
370 1589 1822 1661 manifestations d'impuissance, ce serait vraiment trop facile.-
381 1518 1786 1582 qu'elle est finie), se borner à des chants de gloire et à des
370 1669 1736 1733 Il va falloir compter ; voir en face la vérité, maintenant.-
375 1741 769 1814 Quelle vérité ?
370 1891 1709 1956 mençons à l'entrevoir vaguement. Tripler les impôts d'une
710 1809 1771 1886 La vérité des charges financières ? Nous com-
367 2039 1676 2113 départements les plus riches, obligée de se rattraper sur
372 1962 1637 2029 population réduite et épuisée, privée du produit de ses
119 2220 1208 2296 à Monsieur le Président Nicholas Murray BUTLER.
