1920 2560
900 25 1047 102 - 2 -
706 172 1774 298 "J’ai vu la noble cité de Reims en ruines et
364 268 1781 381 j’ai pensé : c’est ici que le coup a frappé, parce que les
364 354 1768 460 dirigeants du monde n’ont pas prévu le moyen de l’éviter".
356 435 1749 541 "Les dirigeants du monde ont pensé aux relations entre les
343 524 1646 627 "gouvernements ; ils ont oublié les relations entre les
347 616 1747 706 "peuples ! Ils ont manœuvré des combinaisons d€i€plomatiques
352 680 1806 785 "quand ils auraient dû ne penser qu’à la destination des hommes,
354 765 1719 883 "des/femmes, des enfants, dont ils devaient sauvegarder la
347 855 1090 945 "sécurité et le bien-être….. "
686 925 1706 1030 Mon cher Butler, c’est pour avoir essayé,
330 1011 1723 1111 depuis vingt and et davantage, de rappeler les dirigeants
332 1096 1755 1190 à leur devoir que j’ai été mis en suspicion et paralysé. Si
345 1179 1678 1267 ces dirigeants ne changent pas et de corps et d’âme, les
337 1252 1766 1348 mêmes négligences, les mêmes fautes, les mêmes catastrophes
356 1341 1092 1431 sont à prévoir, sont certaines.
686 1420 1672 1506 Il fallait voir la figure maussade de nos
356 1497 1738 1585 Ministres et l’aspect rogue et revêche de M. Poincaré pen-
337 1572 1719 1670 dant qu’ils écoutaient, dans l’hémicycle, cet appel à plus
345 1644 1723 1785 de prévoyance pour l’avenir, à plus de foi dans la Société
354 1723 1621 1826 des Nations, acclamée avec enthousiasme par la gauche,
347 1804 1612 1896 mais du bout des lèvres et pour la forme par le reste
354 1885 716 1973 de l’Assemblée.
691 1949 1730 2054 "Quel dommage, me disait dans l’intimité un
362 2028 1723 2133 de mes anciens amis, membre de la Conférence officielle, où
360 2112 1755 2220 il représente une puissance belligérante dite de second ordre,
