1920 2560
906 53 1060 147 - 3 -
337 200 1777 309 "quel dommage que la France ne saisisse pas cette occasion
1051 285 1290 339 resserrer
302 298 1760 396 "des négociations de paix pour €rassaner€ à jamais ses liens
302 384 1742 477 "avec tous les peuples, petits ou grands, qui ont été ses
317 467 1760 558 "compagnons d’armes contre le militarisme. Telle était, à
309 554 1666 642 "La Haye, la politique de M. Bourgeois et la vôtre, la
313 631 1367 725 "vraie politique d’avenir pour votre pays€.€
659 718 1828 814 "Mais non ! C’est à qui, parmi vos Ministres,
285 806 1734 893 "traitera de haut et comme importun, vos Alliés les plus
292 891 1730 974 "dévoués d’hier, à commencer par les Belges ! Le Portugal
292 972 1794 1058 "qui est, après tout, une puissance chrétienne dont l’action
309 1053 1772 1141 "n’a pas été sans contribuer, dans l’histoire, au développe-
294 1139 1815 1235 "ment de la civilisation, est assimilé à des États orientaux,
305 1220 1248 1314 "le Siam et la Chine, et de quel ton !
676 1299 1819 1393 "Je ne sais pas si M. Clemenceau se fait aimer
298 1388 1809 1493 "des grandes Puissances, mais il se fait détester
311 1469 859 1572 "par toutes les autres.
689 1550 1819 1646 Il n’y a qu’une voix, en somme, pour dire que
309 1629 1698 1730 "si le Tigre a été bon pour finir la guerre, il n’est pas
300 1698 957 1802 "l’homme à faire la paix".
672 1789 1740 1888 Et alors ? Nous allons voir les Américains,
317 1870 1612 1954 les Anglais, partir froissés par la maladresse de nos
317 1952 1730 2039 Gouvernants d’avant-guerre et tous les autres humiliés par
317 2024 1646 2109 une sécheresse orgueilleuse qui est à mille lieues des
317 2101 1691 2214 traditions séculaires et des aspirations fraternelles de
320 2180 573 2261 la France.
