1920 2560
821 53 951 123 - 4 -
601 198 1700 298 Que nous soyons impitoyables pour exiger des
243 292 1704 384 Allemands qu’ils paient leur dette, soit; que nous fassions
247 373 1632 467 juger les Gouvernants Allemands, non pas par nous-même,
243 462 1664 544 certes, mais de telle sorte que leur culpabilité ne puisse
241 548 1638 627 être niée par personne, même et surtout en Allemagne; que
238 625 1619 708 nous conservions des gages sans faire de conquêtes; tout
264 712 1604 795 cela se conçoit, cela est nécessaire, dans la mesure où
236 789 1646 874 nous ne rendrons pourtant pas impossible la reprise d’une
238 872 1678 953 vie normale aux Allemands. Mais efforçons-nous de conser-
243 953 1568 1036 ver d’autant plus la confiance et l’amitié de tous nos
243 1028 1632 1124 Alliés. Ne les traitons ni par la défiance, ni par l’in-
241 1115 936 1201 gratitude, ni, par le mépris.
610 1352 1717 1493 Je vous écris cela, à titre personne££l££, sachant
249 1463 1683 1578 bien que vous n’oubliez pas le souci que j’ai toujours pris
253 1561 1706 1653 de ne rien publier mais qui puisse affaiblir mon Gouverne-
260 1636 1672 1742 ment, non seulement devant l’ennemi mais devant ses Alliés.
616 1713 1580 1792 Cependant je ne dois pas, je ne puis pas
249 1785 1546 1868 toujours me taire. Je n’attaque pas Clemenceau. Vous
249 1864 1657 1960 m’avez vu maintes fois reconnaître sa supériorité, comparée
262 1941 1587 2039 à la médiocrité de tant d’autres. Je n’oublie pas qu’il
245 2020 1604 2118 a été l’ami des petits peuples en bien des cas, l’ami des
253 2101 1521 2218 Grecs, par exemple, envers et contre tous, et jusqu’à
