1920 2560
921 94 1106 159 - 3 -
304 253 1697 325 l’éducation ou même de l'apprentissage indispensables ?
662 334 1852 409 La vérité sur le moyen d'entretenir nos routes,
310 423 1771 490 nos chemins de fer, notre marine marchande, nos communica-
307 584 1759 655 un personnel surmené et par des moyens étriqués ; sans même
310 502 1852 576 tions postales, télégraphiques, téléphoniques, aériennes, avec
307 754 686 816 sur notre sol ?
310 670 1804 739 chercher à utiliser les travaux que nos Alliés ont entrepris
677 831 1709 895 La vérité sur le moyen d'adopter, dans la
310 915 1780 984 France épuisée, le minimum de réformes sociales qui seront
310 995 1849 1063 la règle dans les autres pays et faute desquelles le désordre,
313 1076 1586 1143 les grèves, séviront chez nous à l'état chronique ?
310 1244 1780 1320 les crises ouvrières et professionnelles qu'il aurait fallu
668 1158 1852 1229 La vérité sur les remèdes qui pourront atténuer
307 1324 966 1397 prévenir ? etc …. etc ….
653 1399 1703 1474 Nous n'en finirons pas si nous cherchons à
310 1570 1801 1630 au lendemain de la guerre. - Chaque jour fera surgir l'occa-
316 1485 1852 1549 énumérer tous les mensonges dont il va falloir payer l'opinion
313 1646 1867 1707 sion d'une découverte nouvelle, dans la nuit des dissimulations
322 1726 1801 1785 ou des ignorances gouvernementales. Clemenceau seul ne ment
316 1882 1792 1952 pour l'édification du monde entier, que notre victoire pour-
319 1805 1712 1864 pas quand il ££/££confie à un rédacteur de l'Associated Press,
322 1963 1363 2039 rait bien être une victoire à la Pyrrhus !..
674 2044 1792 2110 Je note seulement aujourd'hui deux des résul-
325 2121 1664 2190 tats de cette guerre et de notre victoire à la Pyrrhus :
