1920 2560
877 64 1053 124 - 8 -
244 344 1846 446 pratique de ne plus même visiter la France et de la voir chez
623 251 1733 346 Encore un peu et il semblera beaucoup plus
244 436 1673 531 soi, sans se déranger, non pas telle qu'elle deviendra,
247 521 1715 609 restaurée, remise plus ou moins à neuf, mais telle qu'on
253 599 1795 701 peut se la figurer dans les livres et les musées, telle qu'
259 687 1858 784 elle était du temps où nos grand'mères souriaient, sans souci
259 771 1715 872 des guerres de conqûetes, ou bien encore tout simplement
268 858 1703 962 du temps de la grande guerre, sous les obus, au cinéma.
1017 1020 1765 1099 Votre affectueusement dévoué,
1082 1114 1858 1233 ££ ££ ££
68 1540 1276 1642 à Monsieur le Président Nicholas Murray BUTLER,
587 1641 850 1726 NEW-YORK.
