1920 2560
829 49 972 138 - 3 -
160 192 1672 315 €Etats-Unis€, €ou€ €tout€ €au€ €moins€ dans le Nouveau Monde, le siège
164 292 1715 394 de ce premier tribunal facultatif de la paix ; il n'hésita pas
164 377 1644 482 à franchir l'Océan, à dessaisir, en quelque sorte, son pays
166 454 1698 563 au profit de l'Europe. Son exemple désintéressé fut irrésis-
174 539 1691 640 tible ; le charme fut rompu ; la Cour de La Haye désensorcelée.
187 622 1755 729 Vint ensuite le célèbre conflit de Dogger Bank, entre la Grande-
183 710 1627 806 Bretagne et la Russie, puis la généreuse décision prise par
192 787 1702 893 M. Carnegie de faire construire à la Cour de La Haye le palais
172 876 1491 977 que lui refusaient les Gouvernements ; puis la paix de
185 970 563 1058 Portsmouth.....
558 1036 1574 1117 Ainsi, la volonté de servir le Droit et de
198 1109 1693 1205 pacifier le Monde s'est affirmée chez le Président Roosevelt ;
200 1190 1627 1284 et c'est à lui que les Etats-Unis doivent l'honneur d'avoir
192 1275 1687 1382 été vraiment, par leur initiative et leur protestation contre
200 1361 1683 1463 la routine universelle, les arbitres et les guides de l'Huma-
192 1446 861 1538 nité dans la voie nouvelle.
533 1523 1578 1612 Le jour où le Président Roosevelt a pris si
200 1597 1715 1693 énergiquement, avec tous ses fils, parti pour la France contre
217 1672 1563 1772 l'agression du militarisme allemand, il a été fidèle aux
209 1757 1632 1851 premiers actes de sa vie internationale, il a combattu pour
226 1834 1655 1928 le Droit. A ce titre, les amis de la France, comme les amis
228 1913 1651 2005 de la paix, lui doivent une reconnaissance infinie. Je suis
234 1990 1661 2080 de ceux qui ont demandé pour lui le Prix Nobel et je me suis
217 2062 1638 2154 toujours félicité qu'il l'ait obtenu. Il était juste que le
221 2133 1572 2233 Président des Etats-Unis reçût la récompense éclatante du
243 2214 1681 2325 grand service qu'il avait rendu au Monde en lui ouvrant enfin
