1920 2560
778 86 963 147 - 6 -
220 249 1688 319 à instruire, à réconforter ou à consoler. Elles ne seront
226 332 1637 402 plus que des tableaux, des objets de curiosité ; elles ne
229 417 1721 486 formeront plus la chaîne dans nos familles ; elles ne parle-
232 499 1748 569 ront plus de leurs parents à leurs descendants ; elles seront
232 579 1601 648 des meubles étrangers à l'étranger, meubles sans vie et
235 661 1658 728 sans intérêt, confondus avec les débris épars, bien plus
238 742 1688 815 importants, si on a pu sauver les plus précieux, des palais
247 827 1032 896 russes, du musée de l'Ermitage.
477 1089 1673 1171 ££ A la France, que restera-t-il ? La gloire,
247 1188 1691 1258 répondront nos nationalistes. N'en avait-elle pas assez !
238 1268 1676 1339 après toutes les guerres de Napoléon et ce qui lui restera
247 1342 1712 1417 des monuments de Louis XV et de Louis XIV. Lui laissera-t-
256 1439 760 1503 on même sa langue ?
611 1502 1733 1572 La France était le trait d'union entre le Sud
256 1584 1733 1660 et le Nord, entre l'Est et l'Ouest, entre les mondes anciens
253 1662 1759 1740 et nouveaux. Sa langue devenait la langue de la conciliation
268 1739 1658 1816 et de l'amitié universelles. Jamais on n'aurait pu rêver
268 1819 1661 1897 pareille conquête morale au XIX ème siècle ! Nous l'avons
256 1895 1664 1973 bien vu à La Haye, où elle a mis d'accord la majorité des
268 1977 1598 2053 Etats et formé le bloc de la liberté et de la justice.
632 2052 1685 2128 Ce bloc, où est-il ? Quelle sera sa langue
274 2131 1667 2212 maintenant ? Le français ? Non, Le français a perdu son
286 2202 1634 2292 rang, à la conférence officielle. Les Américains et les
