1920 2560
845 236 1005 300 - 5 -
273 397 1765 537 " Ayez pitié de nous. Mon Dieu ! " Et tel est bien le sens de ses
288 312 1676 449 Dieu : " Dieu nous protège ! " Encore un peu il s’écrirait :
270 556 1702 693 niers discours qu’il est venu prononcer sur les ruines de nos
278 477 1752 611 paroles sacrilèges. Je copie ce misérable passage d’un des der-
273 639 1669 764 Flandres, pour encourager ses troupes à persévérer dans son
273 718 449 782 crime :
273 952 1717 1074 il ; mais nous ne connaissons pas le moment où Dieu nous donnera
730 883 1686 991 " Dieu nous fera gagner cette guerre,dit-
265 1032 1730 1152 la victoire. C’est à Dieu à décider le moment où nous vaincrons.
252 1111 1661 1224 Dieu a fait passer notre peuple et notre armée par une école
254 1183 1656 1300 pénible. Actuellement, nous avons à passer l’examen. Appuyés
250 1269 1719 1375 sur l’ancienne confiance en Dieu des Allemands, nous voulons dé-
241 1418 1165 1509 battrons jusqu’à une fin victorieuse. "
243 1342 1714 1452 montrer ce que nous pouvons…… Avec l’aide de Dieu, nous nous
228 1845 1621 1939 sa détestable dynastie ; je crois que €ce€ €trône€ est perdue; les
694 1778 1676 1863 Je ne pense pas que le Dieu du Kaiser sauve
234 1919 1672 2015 États-Unis seront fiers d’avoir contribué au dénouement et, par
1085 1848 1251 1891 ££ ££
227 1998 1660 2088 là, rétabli, sur des bases durables, la paix du monde. Alors, la
217 2150 1658 2228 des Empereurs. La vraie pitié, c’est que, pour atteindre la dy-
224 2072 1635 2158 vraie religion de l’Humanité triomphera sur la fausse religion
221 2220 1638 2304 nastie de l’Empereur d’Allemagne, il faut anéantir tant de peu-
1581 2286 1687 2342 ples;
