1761 2197
197 190 432 287 SÉNAT
842 162 1141 232 LETTRE N° 561.
1126 307 1548 395 CREANS, 29 Août 1919.
667 455 1277 529 Paul VIDAL de la BLACHE .
962 622 1302 684 Mon cher Butler,
388 818 610 876 ££ ££
710 779 1612 856 Je vous envoie ci-joint, par ce courrier, €un€
350 854 1561 922 €certain nombre€ des tirages à part d’un extrait des Annales de
355 930 1486 990 Géographie, Tome XXVII, N° 147 du 15 Mai 1918. C'est un
357 990 1601 1061 article de L. GALLOIS sur notre admirable ami Paul VIDAL de la
355 1065 1563 1135 BLACHE. Vous tiendrez sans doute à le faire distribuer dans
355 1140 1258 1199 les principales bibliothèques des Etats-Unis.
712 1210 1583 1274 VIDAL de la BLACHE est mort des émotions de
357 1266 1603 1342 la guerre qui lui a pris son fils. Qui donc dressera le bilan
355 1345 1088 1411 sincère de ces pertes irréparables ?
923 1471 1519 1547 Votre affectueusement dévoué,
941 1550 1451 1653 ££ ££ ££
252 1764 1196 1839 à Monsieur le Président Nicholas Murray BUTLER,
667 1838 863 1909 NEW-YORK.
251 2028 408 2094 Annexe.
