<?xml version="1.0" encoding="UTF-8"  standalone="yes"?>
<PcGts xmlns="http://schema.primaresearch.org/PAGE/gts/pagecontent/2019-07-15" xmlns:xsi="http://www.w3.org/2001/XMLSchema-instance" xsi:schemaLocation="http://schema.primaresearch.org/PAGE/gts/pagecontent/2019-07-15 http://schema.primaresearch.org/PAGE/gts/pagecontent/2019-07-15/pagecontent.xsd">
  <Metadata>
	<Creator>escriptorium</Creator>
	<Created>2022-07-21T12:03:56.769030+00:00</Created>
        <LastChange>2022-07-21T12:03:56.769051+00:00</LastChange>

  </Metadata>
  <Page imageFilename="FRAD072_12J387_lettre0559_annexe01_005.jpg" imageWidth="1763" imageHeight="2197">

    

    
    <TextRegion id="eSc_dummyblock_">
    
    
      <TextLine id="eSc_line_c38ebc64" >
        <Coords points="998,129 980,129 963,128 888,129 888,162 886,173 947,184 949,184 951,184 952,184 963,173 982,183 984,183 985,183 987,183 1011,172 1013,164 1009,129 998,129"/>
        <Baseline points="889,163 1015,166"/>
        <TextEquiv>
          <Unicode>- 5 -</Unicode>
        </TextEquiv>
      </TextLine>

    
    
      <TextLine id="eSc_line_d801c556" >
        <Coords points="361,296 361,316 577,325 579,325 580,325 608,316 617,314 624,316 648,324 650,324 652,324 687,316 698,314 1625,314 1627,287 1621,256 1367,265 1352,258 1334,250 1332,250 1193,250 1191,250 1123,261 1088,267 1055,263 995,254 993,254 991,254 969,263 960,267 921,263 865,259 863,259 835,265 819,269 813,265 804,259 802,259 800,259 799,259 797,259 782,265 775,270 639,270 628,269 540,256 538,256 536,256 502,269 500,270 498,270 478,259 476,259 474,259 359,270 361,296"/>
        <Baseline points="361,296 1627,287"/>
        <TextEquiv>
          <Unicode>beaucoup plus que nous nous servons en France de la bicyclette:</Unicode>
        </TextEquiv>
      </TextLine>

    
    
      <TextLine id="eSc_line_61894c6d" >
        <Coords points="362,362 362,386 1643,388 1645,357 1640,324 837,333 826,331 789,324 788,324 786,324 753,331 740,335 727,333 700,325 698,325 696,325 597,333 573,335 560,335 491,325 489,325 487,325 456,335 454,335 452,335 397,325 395,325 394,325 361,335 362,362"/>
        <Baseline points="362,362 1645,357"/>
        <TextEquiv>
          <Unicode>chacun a, pour ainsi dire, son automobile et en ville et surtout</Unicode>
        </TextEquiv>
      </TextLine>

    
    
      <TextLine id="eSc_line_57ef8ca3" >
        <Coords points="361,435 361,457 1627,457 1627,428 1621,395 359,406 361,435"/>
        <Baseline points="361,435 1627,428"/>
        <TextEquiv>
          <Unicode>à la campagne, jusque dans les moindres fermes. Une automobile</Unicode>
        </TextEquiv>
      </TextLine>

    
    
      <TextLine id="eSc_line_5cda2af5" >
        <Coords points="362,501 362,529 1587,523 1588,497 1583,465 361,474 362,501"/>
        <Baseline points="362,501 1588,497"/>
        <TextEquiv>
          <Unicode>ordinaire ne coûte en effet pas plus de deux ou trois fois le</Unicode>
        </TextEquiv>
      </TextLine>

    
    
      <TextLine id="eSc_line_8515271d" >
        <Coords points="362,569 362,593 1587,587 1588,565 1585,538 1149,529 1147,529 1145,529 1128,538 1116,529 1114,529 1112,529 1110,529 1015,538 996,529 995,529 993,529 921,540 919,540 918,540 888,530 886,530 885,530 720,540 569,530 568,530 522,540 454,530 452,530 361,541 362,569"/>
        <Baseline points="362,569 1588,565"/>
        <TextEquiv>
          <Unicode>prix d&#39;une bicyclette, aux Etats-Unis ; 2.00 à 3.000 francs.</Unicode>
        </TextEquiv>
      </TextLine>

    
    
      <TextLine id="eSc_line_b21e83cc" >
        <Coords points="364,629 364,662 1662,657 1664,633 1662,600 364,602 364,629"/>
        <Baseline points="364,629 1664,633"/>
        <TextEquiv>
          <Unicode>Cela était vrai déjà il y a dix ans, mais cela est bien plus vrai</Unicode>
        </TextEquiv>
      </TextLine>

    
    
      <TextLine id="eSc_line_e0162053" >
        <Coords points="362,704 362,725 394,734 395,734 397,734 617,726 707,725 725,728 758,734 760,734 826,728 872,725 919,728 973,734 974,734 976,734 989,728 1006,723 1018,730 1024,732 1026,732 1028,732 1050,730 1099,723 1290,730 1326,732 1328,732 1330,732 1334,732 1365,723 1374,732 1376,732 1378,732 1379,734 1587,734 1588,701 1583,668 361,673 362,704"/>
        <Baseline points="362,704 1588,701"/>
        <TextEquiv>
          <Unicode>aujourd&#39;hui. J&#39;arrive d&#39;Amérique ; les automobiles se suivent</Unicode>
        </TextEquiv>
      </TextLine>

    
    
      <TextLine id="eSc_line_377f13dd" >
        <Coords points="364,774 364,794 427,805 428,805 489,796 500,805 502,805 503,805 505,805 562,796 564,796 601,805 602,805 604,805 606,805 634,796 635,796 645,796 784,805 786,805 1669,798 1669,774 1667,745 364,745 364,774"/>
        <Baseline points="364,774 1669,774"/>
        <TextEquiv>
          <Unicode>et se croisent sans interruption sur toutes les routes ; c’est un</Unicode>
        </TextEquiv>
      </TextLine>

    
    
      <TextLine id="eSc_line_89ee2a49" >
        <Coords points="362,836 361,858 1566,873 1570,845 1566,812 1510,816 1499,811 1488,807 1486,807 1484,807 1451,811 1405,818 1390,811 1379,807 1378,807 1376,807 1374,807 1357,811 1334,818 1319,811 1304,805 1303,805 1062,803 1061,803 1059,803 1039,811 1029,814 1007,811 973,805 971,805 969,805 967,805 967,807 962,811 958,816 846,816 767,814 762,811 747,801 745,801 744,801 742,801 689,811 674,812 608,811 390,801 388,801 386,801 362,809 362,836"/>
        <Baseline points="362,836 1570,845"/>
        <TextEquiv>
          <Unicode>double courant ininterrompu, bien que les routes américaines</Unicode>
        </TextEquiv>
      </TextLine>

    
    
      <TextLine id="eSc_line_d14bf68c" >
        <Coords points="362,906 361,931 1664,942 1667,915 1665,880 362,880 362,906"/>
        <Baseline points="362,906 1667,915"/>
        <TextEquiv>
          <Unicode>soient inférieures X beaucoup à ce qu&#39;étaient les nôtres avant la</Unicode>
        </TextEquiv>
      </TextLine>

    
    
      <TextLine id="eSc_line_9b01ab93" >
        <Coords points="727,873 725,891 773,891 775,875 773,849 727,849 727,873"/>
        <Baseline points="727,873 775,875"/>
        <TextEquiv>
          <Unicode>de</Unicode>
        </TextEquiv>
      </TextLine>

    
    
      <TextLine id="eSc_line_178a690a" >
        <Coords points="364,975 364,1001 1237,1001 1242,1001 1288,1010 1290,1010 1568,1001 1570,983 1568,955 364,950 364,975"/>
        <Baseline points="364,975 1570,983"/>
        <TextEquiv>
          <Unicode>guerre. J&#39;ai voulu faire la comparaison à mon retour. J&#39;ai</Unicode>
        </TextEquiv>
      </TextLine>

    
    
      <TextLine id="eSc_line_521a2fe0" >
        <Coords points="366,1039 364,1069 1198,1069 1216,1071 1277,1080 1279,1080 1458,1072 1469,1082 1471,1082 1473,1082 1475,1082 1605,1071 1607,1052 1607,1017 366,1010 366,1039"/>
        <Baseline points="366,1039 1607,1052"/>
        <TextEquiv>
          <Unicode>fait en automobile la route de Paris à La Flèche ; je n&#39;ai pas</Unicode>
        </TextEquiv>
      </TextLine>

    
    
      <TextLine id="eSc_line_4bd4e3a2" >
        <Coords points="364,1109 362,1136 1583,1151 1587,1120 1585,1093 1324,1093 1312,1087 1295,1082 1293,1082 1292,1082 1268,1087 1246,1091 1169,1085 1123,1082 1121,1082 1101,1083 1059,1089 1042,1083 1035,1080 1033,1080 1031,1080 974,1082 841,1087 789,1078 771,1076 769,1076 727,1078 569,1085 527,1074 525,1074 524,1074 522,1074 520,1074 496,1083 364,1072 364,1109"/>
        <Baseline points="364,1109 1587,1120"/>
        <TextEquiv>
          <Unicode>croisé 20 automobiles sur tout le Parcours (250 km). Partout</Unicode>
        </TextEquiv>
      </TextLine>

    
    
      <TextLine id="eSc_line_4f753ae1" >
        <Coords points="364,1177 364,1210 1103,1210 1128,1213 1180,1221 1182,1221 1238,1213 1260,1212 1266,1213 1281,1221 1282,1221 1284,1221 1357,1215 1376,1213 1396,1215 1489,1224 1491,1224 1493,1224 1521,1215 1533,1226 1535,1226 1537,1226 1539,1226 1665,1215 1667,1195 1667,1166 364,1146 364,1177"/>
        <Baseline points="364,1177 1667,1195"/>
        <TextEquiv>
          <Unicode>j’ai trouvé nos auberges, jadis si fréquentées, à peu près déser-</Unicode>
        </TextEquiv>
      </TextLine>

    
    
      <TextLine id="eSc_line_bc50931d" >
        <Coords points="366,1244 364,1270 1486,1288 1489,1261 1488,1233 1257,1232 1253,1230 1227,1221 1226,1221 1224,1221 1150,1228 1139,1228 1138,1228 1117,1219 1116,1219 1114,1219 1018,1226 1002,1226 978,1224 841,1215 839,1215 366,1215 366,1244"/>
        <Baseline points="366,1244 1489,1261"/>
        <TextEquiv>
          <Unicode>tes ; ni automobiles, ni voitures, ni pour ainsi dire de</Unicode>
        </TextEquiv>
      </TextLine>

    
    
      <TextLine id="eSc_line_ac8d04d2" >
        <Coords points="361,1312 361,1340 599,1342 601,1312 599,1277 540,1287 531,1279 518,1270 516,1270 514,1270 458,1270 456,1270 454,1270 421,1285 416,1288 361,1288 361,1312"/>
        <Baseline points="361,1312 601,1312"/>
        <TextEquiv>
          <Unicode>population.</Unicode>
        </TextEquiv>
      </TextLine>

    
    
      <TextLine id="eSc_line_ca562008" >
        <Coords points="756,1384 755,1413 1363,1413 1383,1415 1447,1424 1449,1424 1451,1424 1482,1415 1488,1415 1495,1415 1559,1426 1561,1426 1665,1415 1667,1396 1667,1369 1544,1354 1543,1354 1541,1354 1513,1363 1508,1365 1341,1365 1330,1358 1319,1354 1317,1354 1315,1354 1314,1354 1303,1358 1284,1363 1253,1356 1224,1351 1222,1351 1220,1351 1202,1354 1176,1362 1165,1354 1158,1349 1156,1349 1154,1349 1152,1349 1050,1351 824,1356 756,1343 756,1384"/>
        <Baseline points="756,1384 1667,1396"/>
        <TextEquiv>
          <Unicode>Un officier Américain en garnison sur la rive</Unicode>
        </TextEquiv>
      </TextLine>

    
    
      <TextLine id="eSc_line_3482e1d5" >
        <Coords points="362,1450 361,1477 1680,1488 1684,1462 1682,1433 362,1418 362,1450"/>
        <Baseline points="362,1450 1684,1462"/>
        <TextEquiv>
          <Unicode>gauche du Rhin faisait cette observation qui en dit long ; j&#39;ai vu</Unicode>
        </TextEquiv>
      </TextLine>

    
    
      <TextLine id="eSc_line_20e572a6" >
        <Coords points="375,1514 373,1534 394,1545 395,1545 397,1545 646,1539 786,1550 788,1552 1605,1552 1607,1530 1605,1497 375,1482 375,1514"/>
        <Baseline points="375,1514 1607,1530"/>
        <TextEquiv>
          <Unicode>plus d’enfants ici, pendant une semaine, qu’en France pendant</Unicode>
        </TextEquiv>
      </TextLine>

    
    
      <TextLine id="eSc_line_4fb741a4" >
        <Coords points="362,1578 361,1601 690,1614 694,1581 694,1554 610,1539 608,1539 606,1539 604,1539 604,1541 591,1552 590,1554 584,1552 546,1543 544,1543 542,1543 540,1543 520,1552 518,1552 505,1552 469,1550 458,1539 458,1537 456,1537 454,1537 452,1537 450,1537 448,1537 430,1552 428,1552 362,1552 362,1578"/>
        <Baseline points="362,1578 694,1581"/>
        <TextEquiv>
          <Unicode>toute une année.</Unicode>
        </TextEquiv>
      </TextLine>

    
    
      <TextLine id="eSc_line_7d3169cf" >
        <Coords points="755,1651 753,1684 872,1678 888,1688 894,1689 896,1689 897,1691 960,1691 960,1689 980,1688 1042,1678 1077,1688 1099,1693 1101,1693 1103,1695 1158,1695 1158,1693 1160,1693 1161,1693 1161,1691 1167,1688 1176,1680 1200,1688 1227,1695 1229,1695 1231,1695 1284,1688 1315,1684 1352,1684 1357,1688 1365,1695 1365,1697 1367,1697 1368,1697 1370,1697 1372,1697 1401,1688 1411,1686 1418,1688 1442,1695 1444,1695 1445,1695 1447,1695 1475,1688 1488,1686 1621,1688 1625,1666 1625,1640 1561,1640 1557,1638 1519,1623 1517,1623 1515,1623 1513,1623 1467,1634 1379,1622 1378,1622 1323,1633 1312,1634 1304,1633 1270,1620 1268,1620 1226,1620 1224,1620 1222,1620 1220,1620 1220,1622 1211,1631 1209,1633 1176,1633 1174,1629 1161,1620 1161,1618 1160,1618 1158,1618 1156,1618 1154,1618 1132,1629 1127,1631 1119,1629 1079,1616 1077,1616 1075,1616 1073,1616 1048,1627 1040,1629 998,1625 901,1618 899,1618 897,1618 879,1623 866,1627 857,1623 833,1612 832,1612 830,1612 755,1620 755,1651"/>
        <Baseline points="755,1651 1625,1666"/>
        <TextEquiv>
          <Unicode>S&#39;il en est ainsi, il importe de/rétablir en</Unicode>
        </TextEquiv>
      </TextLine>

    
    
      <TextLine id="eSc_line_9b9eb71b" >
        <Coords points="359,1713 357,1735 982,1752 985,1719 984,1693 912,1678 910,1678 817,1688 788,1678 786,1678 784,1678 782,1678 753,1689 751,1689 535,1689 533,1688 522,1677 522,1675 520,1675 518,1675 516,1675 359,1684 359,1713"/>
        <Baseline points="359,1713 985,1719"/>
        <TextEquiv>
          <Unicode>France une circulation intense.</Unicode>
        </TextEquiv>
      </TextLine>

    
    
      <TextLine id="eSc_line_58a97899" >
        <Coords points="357,1845 355,1871 1636,1893 1640,1863 1640,1830 1000,1830 879,1818 870,1818 868,1818 861,1818 744,1825 722,1816 720,1816 718,1816 716,1816 632,1823 617,1814 615,1814 613,1814 612,1814 610,1814 553,1821 357,1810 357,1845"/>
        <Baseline points="357,1845 1640,1863"/>
        <TextEquiv>
          <Unicode>réquisitionnées pour l’armée, et nous ne pouvons en commander de</Unicode>
        </TextEquiv>
      </TextLine>

    
    
      <TextLine id="eSc_line_ad8d5625" >
        <Coords points="751,1786 749,1807 777,1819 778,1819 780,1819 881,1808 958,1821 960,1821 962,1821 991,1810 1015,1823 1017,1823 1018,1823 1020,1823 1039,1814 1112,1823 1114,1823 1116,1823 1147,1812 1178,1825 1180,1825 1182,1825 1546,1818 1592,1830 1594,1830 1596,1830 1598,1830 1599,1830 1618,1819 1684,1819 1686,1799 1682,1763 1568,1770 1533,1761 1521,1757 1519,1757 1517,1757 1491,1759 1429,1768 1376,1759 1354,1755 1352,1755 1292,1757 1163,1764 1149,1757 1145,1753 1143,1753 1141,1753 1139,1753 1116,1755 1066,1763 1046,1755 1029,1750 1028,1750 1026,1750 1024,1750 1007,1755 989,1761 751,1753 751,1786"/>
        <Baseline points="751,1786 1686,1799"/>
        <TextEquiv>
          <Unicode>Nous n’avons plus d’automobiles ; elles ont été</Unicode>
        </TextEquiv>
      </TextLine>

    
    </TextRegion>
    
  </Page>
</PcGts>
