1766 2197
857 219 983 276 - 3 -
349 327 1635 408 P.S. Vous trouverez également ci-joint le texte officiel du
348 397 1615 472 discours très éloquent prononcé par M. VIVIANI, Président de la
349 466 1591 545 Commission du traité de paix à la Chambre des Députés, dans la
344 538 1590 613 séance du 16 septembre, discours dont l’affichage a été voté à
344 602 1612 690 l’unanimité et concluant comme le rapport de M. BOURGEOIS, à la
344 666 813 735 ratification du traité.
