1761 2197
925 126 1029 194 - 3 -
366 248 1629 336 c’est dur ! C’est ce que je viens encore de faire hier au Mans,
362 325 1590 400 à mon conseil Général. J'ai fait adopter des voeux, non sans
362 395 1610 463 peine. J'ai signalé des monstruosites qu'on accepte comme des
368 450 1649 534 inconvénients naturels, par exemple l’état d’abandon de milliers
362 523 1627 613 d’automobiles américaines, en plein air, depuis des mois, alors
362 602 1007 662 que nous en aurions tant besoin.
736 670 1696 750 Voici l’exposé de ce dernier voeu, -ab uno disce
362 730 1528 811 omnes: - celui-là se rattache directement à mon voyage aux
359 796 1607 873 Etats-Unis ; il vous édifiera sur l'énormité de l'effort qu'il
360 856 1641 953 faudrait poursuivre pour libérer la France du joug de la routine
357 935 980 997 et de l'égoïsme réactionnaires.
1004 1038 1590 1124 Votre affectueusement dévoué,
1028 1124 1464 1213 ££ ££ ££
207 1351 1150 1442 à Monsieur le Président Nicholas Murray BUTLER,
599 1437 797 1504 NEW-YORK.
203 1746 395 1823 1 annexe.
