<?xml version="1.0" encoding="UTF-8"  standalone="yes"?>
<PcGts xmlns="http://schema.primaresearch.org/PAGE/gts/pagecontent/2019-07-15" xmlns:xsi="http://www.w3.org/2001/XMLSchema-instance" xsi:schemaLocation="http://schema.primaresearch.org/PAGE/gts/pagecontent/2019-07-15 http://schema.primaresearch.org/PAGE/gts/pagecontent/2019-07-15/pagecontent.xsd">
  <Metadata>
	<Creator>escriptorium</Creator>
	<Created>2022-07-21T12:03:56.585428+00:00</Created>
        <LastChange>2022-07-21T12:03:56.585449+00:00</LastChange>

  </Metadata>
  <Page imageFilename="FRAD072_12J387_lettre0554_004.jpg" imageWidth="1730" imageHeight="2197">

    

    
    <TextRegion id="eSc_dummyblock_">
    
    
      <TextLine id="eSc_line_ef0bb780" >
        <Coords points="832,216 832,230 945,243 947,216 945,173 832,184 832,216"/>
        <Baseline points="832,216 947,216"/>
        <TextEquiv>
          <Unicode>- 4 -</Unicode>
        </TextEquiv>
      </TextLine>

    
    
      <TextLine id="eSc_line_fe722be8" >
        <Coords points="394,349 394,367 802,377 804,377 844,371 875,366 982,371 1061,375 1062,375 1094,371 1145,366 1189,371 1213,375 1215,375 1260,373 1383,364 1401,373 1403,373 1405,373 1407,375 1625,375 1627,344 1623,318 1409,309 1407,309 1328,316 1297,318 1293,316 1282,309 1281,309 1279,309 1277,309 1244,316 1227,318 1205,314 1160,309 1158,309 1156,309 1143,314 1134,320 1024,314 943,311 941,311 940,311 925,314 901,320 875,314 863,311 861,311 859,311 830,314 760,322 747,313 745,311 744,311 742,311 689,311 687,311 685,311 679,313 661,324 568,324 547,313 546,313 392,313 394,349"/>
        <Baseline points="394,349 1627,344"/>
        <TextEquiv>
          <Unicode>les équipages des Dreadnoughts ont une tendance (à) se révolter.</Unicode>
        </TextEquiv>
      </TextLine>

    
    
      <TextLine id="eSc_line_b39cffcf" >
        <Coords points="394,415 394,435 1535,430 1537,410 1533,388 1193,378 1191,378 1189,378 1154,388 1150,389 392,389 394,415"/>
        <Baseline points="394,415 1537,410"/>
        <TextEquiv>
          <Unicode>Voyez ceux des Russes, après la guerre japonaise ; ceux du</Unicode>
        </TextEquiv>
      </TextLine>

    
    
      <TextLine id="eSc_line_d6f20fad" >
        <Coords points="395,481 395,503 1673,508 1675,481 1675,455 395,448 395,481"/>
        <Baseline points="395,481 1675,481"/>
        <TextEquiv>
          <Unicode>Brésil ; voyez ceux des Allemands ; et maintemant voici les nôtres.</Unicode>
        </TextEquiv>
      </TextLine>

    
    
      <TextLine id="eSc_line_012100f5" >
        <Coords points="533,545 533,573 1632,563 1632,545 1632,521 1480,521 1480,519 1466,510 1464,510 1462,510 1460,510 1319,519 1315,519 1313,519 1302,510 1301,510 1299,510 1297,510 1295,510 1262,519 1260,521 1073,521 1072,519 1051,510 1050,510 1048,510 1046,510 1028,519 1026,519 1018,519 943,510 941,510 533,518 533,545"/>
        <Baseline points="533,545 1632,545"/>
        <TextEquiv>
          <Unicode>Et dans la marine de commerce, c&#39;est la même chose. Une</Unicode>
        </TextEquiv>
      </TextLine>

    
    
      <TextLine id="eSc_line_ddd87579" >
        <Coords points="392,615 392,637 1631,631 1632,609 1629,584 390,580 392,615"/>
        <Baseline points="392,615 1632,609"/>
        <TextEquiv>
          <Unicode>difficulté surgit ; on s&#39;apercoit que la vie est dure à bord et</Unicode>
        </TextEquiv>
      </TextLine>

    
    
      <TextLine id="eSc_line_adb85be0" >
        <Coords points="394,681 394,704 1651,695 1653,677 1649,649 573,646 571,646 392,655 394,681"/>
        <Baseline points="394,681 1653,677"/>
        <TextEquiv>
          <Unicode>sans repos.... Et alors se posent, entre autres problèmes, dans</Unicode>
        </TextEquiv>
      </TextLine>

    
    
      <TextLine id="eSc_line_4911477d" >
        <Coords points="394,748 394,770 1684,763 1684,748 1684,723 394,714 394,748"/>
        <Baseline points="394,748 1684,748"/>
        <TextEquiv>
          <Unicode>les chaufferies, dans tous les services du bord, ceux de la jour-</Unicode>
        </TextEquiv>
      </TextLine>

    
    
      <TextLine id="eSc_line_f08efea9" >
        <Coords points="392,812 392,838 1651,833 1653,809 1649,785 390,779 392,812"/>
        <Baseline points="392,812 1653,809"/>
        <TextEquiv>
          <Unicode>née de 8 heures. Comment l’appliquer? comment en concevoir même</Unicode>
        </TextEquiv>
      </TextLine>

    
    
      <TextLine id="eSc_line_d4d55f15" >
        <Coords points="392,876 390,900 1625,906 1629,880 1625,845 436,849 392,840 392,876"/>
        <Baseline points="392,876 1629,880"/>
        <TextEquiv>
          <Unicode>l&#39;application? La fédération des syndicats maritimes adresse à</Unicode>
        </TextEquiv>
      </TextLine>

    
    
      <TextLine id="eSc_line_4b7cbc0f" >
        <Coords points="390,944 390,970 1682,964 1684,948 1680,915 390,917 390,944"/>
        <Baseline points="390,944 1684,948"/>
        <TextEquiv>
          <Unicode>ses adhérents de pressants appels. Et en attendant qu&#39;on se mette</Unicode>
        </TextEquiv>
      </TextLine>

    
    
      <TextLine id="eSc_line_e146a749" >
        <Coords points="390,1008 388,1028 459,1039 461,1039 1110,1032 1112,1012 1110,981 390,979 390,1008"/>
        <Baseline points="390,1008 1112,1012"/>
        <TextEquiv>
          <Unicode>d&#39;accord, des grèves sont ébauchées.</Unicode>
        </TextEquiv>
      </TextLine>

    
    
      <TextLine id="eSc_line_6c4557d7" >
        <Coords points="525,1100 1647,1100 1649,1080 1647,1054 1009,1054 963,1045 943,1043 941,1043 940,1043 934,1045 914,1054 577,1054 529,1041 527,1076 525,1100"/>
        <Baseline points="527,1076 1649,1080"/>
        <TextEquiv>
          <Unicode>Pour moi, tout est occasion d’observer, d’ajouter un ar-</Unicode>
        </TextEquiv>
      </TextLine>

    
    
      <TextLine id="eSc_line_a4335584" >
        <Coords points="386,1147 386,1166 1601,1171 1605,1144 1601,1118 384,1114 386,1147"/>
        <Baseline points="386,1147 1605,1144"/>
        <TextEquiv>
          <Unicode>gument de plus à mon incessant réquisitoire contre la guerre.</Unicode>
        </TextEquiv>
      </TextLine>

    
    
      <TextLine id="eSc_line_901db6a3" >
        <Coords points="390,1208 388,1228 1605,1233 1609,1213 1605,1180 390,1180 390,1208"/>
        <Baseline points="390,1208 1609,1213"/>
        <TextEquiv>
          <Unicode>J&#39;attends donc patiemment, jadis les voyageurs attendaient au</Unicode>
        </TextEquiv>
      </TextLine>

    
    
      <TextLine id="eSc_line_9608513e" >
        <Coords points="388,1276 388,1299 1196,1299 1200,1299 1226,1309 1227,1309 1229,1309 1645,1299 1647,1281 1645,1252 388,1244 388,1276"/>
        <Baseline points="388,1276 1647,1281"/>
        <TextEquiv>
          <Unicode>Havre ou à Saint-Malo, ou tout autre port, les caprices du vent</Unicode>
        </TextEquiv>
      </TextLine>

    
    
      <TextLine id="eSc_line_5ed907b4" >
        <Coords points="386,1345 386,1367 1682,1365 1682,1345 1682,1321 386,1321 386,1345"/>
        <Baseline points="386,1345 1682,1345"/>
        <TextEquiv>
          <Unicode>pour que leur bateau prit la voile. Aujourd’hui, c’est un caprice</Unicode>
        </TextEquiv>
      </TextLine>

    
    
      <TextLine id="eSc_line_5e9bd797" >
        <Coords points="386,1407 384,1428 1579,1439 1583,1411 1581,1384 386,1384 386,1407"/>
        <Baseline points="386,1407 1583,1411"/>
        <TextEquiv>
          <Unicode>d’un autre ordre que je dois attendre, mais moins longtemps:</Unicode>
        </TextEquiv>
      </TextLine>

    
    
      <TextLine id="eSc_line_cd0b3f7e" >
        <Coords points="390,1471 388,1490 423,1503 425,1503 736,1504 738,1504 1009,1495 1101,1506 1103,1506 1238,1497 1264,1506 1266,1506 1268,1506 1416,1499 1444,1508 1445,1508 1447,1508 1449,1508 1488,1499 1576,1508 1577,1508 1642,1497 1643,1479 1642,1455 390,1448 390,1471"/>
        <Baseline points="390,1471 1643,1479"/>
        <TextEquiv>
          <Unicode>caprice également naturel ; c’est le grand souffle d’une popula-</Unicode>
        </TextEquiv>
      </TextLine>

    
    
      <TextLine id="eSc_line_cc963fcc" >
        <Coords points="386,1541 384,1567 1620,1569 1623,1547 1621,1521 386,1508 386,1541"/>
        <Baseline points="386,1541 1623,1547"/>
        <TextEquiv>
          <Unicode>tion longtemps sans cohésion mais qui désormais se refuse à ne</Unicode>
        </TextEquiv>
      </TextLine>

    
    
      <TextLine id="eSc_line_e27c97ae" >
        <Coords points="384,1605 383,1623 1636,1633 1640,1612 1638,1587 384,1580 384,1605"/>
        <Baseline points="384,1605 1640,1612"/>
        <TextEquiv>
          <Unicode>vivre que pour obéir. Encore un ordre nouveau, un accord à éta-</Unicode>
        </TextEquiv>
      </TextLine>

    
    
      <TextLine id="eSc_line_8bdbbef1" >
        <Coords points="383,1671 381,1695 1601,1697 1605,1678 1603,1653 383,1647 383,1671"/>
        <Baseline points="383,1671 1605,1678"/>
        <TextEquiv>
          <Unicode>blir ; voilà l&#39;organisation qu&#39;il faudra poursuivre si nous ne</Unicode>
        </TextEquiv>
      </TextLine>

    
    
      <TextLine id="eSc_line_9deefdbe" >
        <Coords points="383,1735 381,1755 1618,1763 1621,1742 1618,1709 1317,1717 1271,1708 1270,1708 432,1711 383,1702 383,1735"/>
        <Baseline points="383,1735 1621,1742"/>
        <TextEquiv>
          <Unicode>voulons pas tomber dans l&#39;anarchie c’est à dire aux sanglantes</Unicode>
        </TextEquiv>
      </TextLine>

    
    
      <TextLine id="eSc_line_224f6792" >
        <Coords points="384,1803 383,1829 1656,1839 1660,1814 1658,1788 384,1770 384,1803"/>
        <Baseline points="384,1803 1660,1814"/>
        <TextEquiv>
          <Unicode>diversions de nouvelles guerres. Et tous cela est possible, avec</Unicode>
        </TextEquiv>
      </TextLine>

    
    
      <TextLine id="eSc_line_8709f74b" >
        <Coords points="383,1867 381,1891 1592,1902 1596,1880 1594,1850 908,1850 886,1845 852,1839 850,1839 802,1845 780,1847 764,1845 712,1836 711,1836 597,1843 566,1845 560,1843 535,1834 533,1834 531,1834 529,1834 507,1843 505,1843 383,1843 383,1867"/>
        <Baseline points="383,1867 1596,1880"/>
        <TextEquiv>
          <Unicode>de la bonne volonté, une grande et persistante bonne volonté.</Unicode>
        </TextEquiv>
      </TextLine>

    
    
      <TextLine id="eSc_line_381a021c" >
        <Coords points="696,1937 694,1960 1275,1973 1279,1942 1277,1911 696,1905 696,1937"/>
        <Baseline points="696,1937 1279,1942"/>
        <TextEquiv>
          <Unicode>Votre affectueusement dévoué.</Unicode>
        </TextEquiv>
      </TextLine>

    
    
      <TextLine id="eSc_line_13b4c919" >
        <Coords points="144,2001 142,2023 172,2037 174,2037 175,2039 256,2039 256,2037 258,2037 260,2037 274,2024 311,2034 313,2034 315,2034 317,2034 344,2024 350,2023 427,2023 430,2024 467,2039 469,2039 470,2039 564,2026 590,2024 679,2024 694,2028 718,2037 720,2037 722,2037 723,2037 744,2030 758,2041 760,2041 762,2041 764,2041 766,2041 795,2030 804,2028 857,2028 859,2032 870,2041 872,2041 874,2041 875,2041 951,2032 952,2006 951,1973 144,1969 144,2001"/>
        <Baseline points="144,2001 952,2006"/>
        <TextEquiv>
          <Unicode>à Monsieur le Président N. Murray BUTLER</Unicode>
        </TextEquiv>
      </TextLine>

    
    
      <TextLine id="eSc_line_5d9279c3" >
        <Coords points="377,2072 377,2107 562,2109 564,2068 558,2034 375,2045 377,2072"/>
        <Baseline points="377,2072 564,2068"/>
        <TextEquiv>
          <Unicode>NEW YORK</Unicode>
        </TextEquiv>
      </TextLine>

    
    </TextRegion>
    
  </Page>
</PcGts>
