1766 2197
646 80 1181 181 Annexe à ma lettre N° 562.
197 190 441 270 SÉNAT
890 292 1635 366 Clermont-Créans, le 5 septembre 1919.
851 554 1225 615 Mon cher Ministre
555 677 1621 754 Je regrette de ne pas avoir pu vous voir en passant à
351 743 1417 816 Paris. Voici en deux mots de que j'ai fait à Londres.
551 809 1602 882 J'ai profité de mon indépendance et de mes relations
349 884 1613 948 personnelles pour dire à mes amis anglais et particulièrement à
348 944 1652 1016 Lord Robert Cecil ce que je pense, dans leur intérêt, comme dan/s,
349 1016 1648 1080 celui du monde entier, de leur tendance impérialiste au monopole,
348 1074 1613 1140 à l'accaparement de tout, même de la Société des Nations. "Vous
348 1135 1712 1217 éliminez la France de ce qui est son œuvre", ai-je dit en substance:
349 1213 1604 1283 "Vous allez vous mettre tout le monde à dos. Voyez le discours,
346 1281 1672 1354 d'ailleurs répugnant, de Knox! Vous ne comptez pas avec ce facteur
346 1342 1632 1411 tout puissant : "l’esprit français" ; ne le révoltez pas. Déjà aux
344 1406 1668 1488 Etats-Unis, où j'étais hier, on vous accuse d'être "les profiteurs
338 1481 1610 1554 de la guerre". Vous étalez des triomphes diplomatiques qui sont
340 1548 1716 1623 autant de défaites réelles, car vous tournez contre vous la confiance
340 1609 1687 1688 universelle ; vous expropriez la Société des Nations au seul bénéfi-
340 1680 752 1741 ce de la Révolution.
536 1748 1701 1821 Lord Robert Cecil a été sensible à l’appel que j’adressais
333 1816 1665 1893 à sa clairvoyance ; il a très sévèrement jugé l’euvre de la diplo-
133 1893 791 1980 à S. E. M. le Ministre S. Pichon
