<?xml version="1.0" encoding="UTF-8"  standalone="yes"?>
<PcGts xmlns="http://schema.primaresearch.org/PAGE/gts/pagecontent/2019-07-15" xmlns:xsi="http://www.w3.org/2001/XMLSchema-instance" xsi:schemaLocation="http://schema.primaresearch.org/PAGE/gts/pagecontent/2019-07-15 http://schema.primaresearch.org/PAGE/gts/pagecontent/2019-07-15/pagecontent.xsd">
  <Metadata>
	<Creator>escriptorium</Creator>
	<Created>2022-07-21T12:03:56.962785+00:00</Created>
        <LastChange>2022-07-21T12:03:56.962806+00:00</LastChange>

  </Metadata>
  <Page imageFilename="FRAD072_12J387_lettre0562_011.jpg" imageWidth="1753" imageHeight="2197">

    

    
    <TextRegion id="eSc_dummyblock_">
    
    
      <TextLine id="eSc_line_70f2db0a" >
        <Coords points="860,208 860,230 994,230 994,205 989,179 859,181 860,208"/>
        <Baseline points="860,208 994,205"/>
        <TextEquiv>
          <Unicode>- 11 -</Unicode>
        </TextEquiv>
      </TextLine>

    
    
      <TextLine id="eSc_line_6bd0928c" >
        <Coords points="313,338 313,358 333,369 335,369 337,369 338,369 359,360 390,369 391,369 393,369 503,360 518,369 520,369 522,369 523,369 1535,358 1535,338 1533,309 688,313 677,313 613,303 611,303 558,313 553,313 547,313 472,303 470,303 428,313 426,313 360,303 359,303 313,313 313,338"/>
        <Baseline points="313,338 1535,338"/>
        <TextEquiv>
          <Unicode>c’est une nouvelle carrière ouverte à la jeunesse éclairée de</Unicode>
        </TextEquiv>
      </TextLine>

    
    
      <TextLine id="eSc_line_162a7915" >
        <Coords points="315,402 313,422 340,435 342,435 344,435 824,426 906,437 908,439 983,439 983,437 985,437 987,437 987,435 996,428 1056,437 1058,437 1492,426 1494,406 1489,371 1452,380 1417,371 1415,371 1414,371 1412,371 1382,380 1331,371 1329,371 1328,371 1324,371 1225,380 1159,371 1155,371 1154,371 1152,371 1126,382 1016,382 996,371 994,371 992,371 983,371 904,378 892,371 890,369 888,369 886,369 884,369 855,371 776,378 701,371 672,369 670,369 650,371 600,378 315,373 315,402"/>
        <Baseline points="315,402 1494,406"/>
        <TextEquiv>
          <Unicode>tous les pays. Et il y a là peut-être un petit mal pour un</Unicode>
        </TextEquiv>
      </TextLine>

    
    
      <TextLine id="eSc_line_2677fa52" >
        <Coords points="313,474 313,492 547,492 547,468 542,443 311,446 313,474"/>
        <Baseline points="313,474 547,468"/>
        <TextEquiv>
          <Unicode>grand bien.</Unicode>
        </TextEquiv>
      </TextLine>

    
    
      <TextLine id="eSc_line_43885805" >
        <Coords points="763,536 762,563 871,558 892,565 895,567 897,567 899,567 919,565 972,560 1100,565 1252,571 1254,571 1291,563 1306,562 1309,563 1318,571 1320,571 1322,571 1324,571 1368,563 1384,562 1403,563 1470,573 1472,573 1474,573 1492,563 1494,563 1630,563 1632,543 1628,507 1430,516 1417,507 1417,505 1415,505 1414,505 1412,505 1410,505 1406,507 1384,514 1364,507 1361,505 1359,505 1357,505 1355,505 1350,507 1315,516 1201,516 1186,507 1186,505 1185,505 1183,505 1181,505 1179,505 1174,507 1150,512 1137,507 1132,503 1130,503 1128,503 1106,507 1060,512 1036,507 1027,503 1025,503 1023,503 763,505 763,536"/>
        <Baseline points="763,536 1632,543"/>
        <TextEquiv>
          <Unicode>Et c&#39;est pourquoi je pense que si le palais</Unicode>
        </TextEquiv>
      </TextLine>

    
    
      <TextLine id="eSc_line_84bd5e4a" >
        <Coords points="313,604 311,629 1529,633 1533,611 1533,580 313,578 313,604"/>
        <Baseline points="313,604 1533,611"/>
        <TextEquiv>
          <Unicode>du Duc de Marlborough est présentement affecté, non plus à la</Unicode>
        </TextEquiv>
      </TextLine>

    
    
      <TextLine id="eSc_line_62df3c11" >
        <Coords points="313,675 311,695 1505,708 1509,681 1505,646 1152,653 313,642 313,675"/>
        <Baseline points="313,675 1509,681"/>
        <TextEquiv>
          <Unicode>glorification de la guerre mais à l&#39;organisation de la paix,</Unicode>
        </TextEquiv>
      </TextLine>

    
    
      <TextLine id="eSc_line_4b32d202" >
        <Coords points="311,739 309,759 327,770 329,770 331,770 712,765 809,765 831,767 882,774 884,774 954,768 992,767 1589,778 1593,748 1593,721 1298,721 1295,719 1271,710 1269,710 1267,710 1265,710 1238,717 1230,719 974,719 969,717 936,708 934,708 932,708 875,715 862,717 855,715 826,706 824,706 822,706 564,714 555,714 533,704 531,704 529,704 527,704 494,714 492,714 487,714 391,704 390,704 311,712 311,739"/>
        <Baseline points="311,739 1593,748"/>
        <TextEquiv>
          <Unicode>l&#39;aristocratie anglaise et toutes les aristocraties du monde, et</Unicode>
        </TextEquiv>
      </TextLine>

    
    
      <TextLine id="eSc_line_cc60ea7b" >
        <Coords points="311,809 309,834 1531,840 1535,820 1533,792 311,783 311,809"/>
        <Baseline points="311,809 1535,820"/>
        <TextEquiv>
          <Unicode>même les ploutocraties, et même les horribles nouveaux riches</Unicode>
        </TextEquiv>
      </TextLine>

    
    
      <TextLine id="eSc_line_ae481a4d" >
        <Coords points="311,875 309,895 333,904 335,904 337,904 672,900 730,900 736,902 760,909 762,909 763,909 857,904 892,902 897,904 912,911 914,911 915,911 948,906 961,904 1507,915 1511,889 1507,856 1362,864 1311,854 1309,854 1307,854 1306,854 1212,862 1080,862 1066,853 1066,851 1064,851 1062,851 1060,851 1031,853 914,858 886,851 879,849 877,849 875,849 851,851 778,856 311,847 311,875"/>
        <Baseline points="311,875 1511,889"/>
        <TextEquiv>
          <Unicode>de nos démocraties, comprendront qu’il faut en finir avec la</Unicode>
        </TextEquiv>
      </TextLine>

    
    
      <TextLine id="eSc_line_0a503af6" >
        <Coords points="309,946 307,975 1384,981 1388,953 1386,928 1165,919 1163,919 1161,919 1133,926 1124,928 1115,926 1091,917 1089,917 1088,917 1018,924 1005,926 1000,924 976,917 974,917 972,917 895,924 873,926 870,924 849,915 848,915 846,915 844,915 818,924 816,924 802,924 666,915 664,915 663,915 635,922 628,924 620,922 578,913 577,913 309,920 309,946"/>
        <Baseline points="309,946 1388,953"/>
        <TextEquiv>
          <Unicode>politique de la violence qui se retournera contre eux.</Unicode>
        </TextEquiv>
      </TextLine>

    
    
      <TextLine id="eSc_line_7ea2265d" >
        <Coords points="921,1050 919,1072 970,1085 972,1085 1040,1076 1049,1076 1060,1078 1115,1087 1117,1087 1188,1082 1227,1078 1236,1082 1245,1087 1247,1087 1249,1087 1285,1083 1328,1080 1375,1087 1397,1089 1399,1089 1401,1089 1406,1087 1426,1080 1436,1087 1436,1089 1437,1089 1439,1089 1441,1091 1503,1091 1505,1056 1505,1028 1029,1017 1027,1017 1023,1017 967,1025 921,1016 921,1050"/>
        <Baseline points="921,1050 1505,1056"/>
        <TextEquiv>
          <Unicode>Votre affectueusement dévoué,</Unicode>
        </TextEquiv>
      </TextLine>

    
    
      <TextLine id="eSc_line_98ce3b88" >
        <Coords points="1020,1179 1018,1199 1036,1213 1038,1213 1040,1213 1042,1213 1044,1213 1045,1213 1066,1197 1069,1195 1080,1199 1095,1202 1097,1202 1099,1202 1113,1201 1155,1191 1212,1191 1234,1208 1243,1213 1245,1213 1247,1213 1423,1217 1426,1184 1426,1155 1386,1146 1384,1146 1382,1146 1357,1151 1337,1155 1318,1147 1287,1136 1285,1136 1284,1136 1282,1136 1263,1144 1245,1153 1159,1153 1132,1135 1128,1131 1126,1131 1124,1131 1020,1127 1020,1179"/>
        <Baseline points="1020,1179 1426,1184"/>
        <TextEquiv>
          <Unicode>££ ££ ££</Unicode>
        </TextEquiv>
      </TextLine>

    
    
      <TextLine id="eSc_line_fb0c5b86" >
        <Coords points="155,1277 153,1303 305,1305 307,1305 309,1305 331,1296 534,1307 566,1309 567,1309 584,1309 679,1299 762,1310 774,1310 776,1310 807,1310 996,1303 1091,1312 1113,1314 1115,1314 1161,1314 1351,1307 1381,1316 1390,1318 1392,1318 1393,1318 1557,1316 1558,1292 1557,1265 1494,1250 1492,1250 1227,1259 1197,1244 1196,1244 1194,1244 1133,1246 1132,1246 1130,1246 1115,1257 1029,1246 1027,1246 1025,1246 1023,1246 1012,1257 901,1257 857,1241 855,1241 853,1241 809,1250 774,1241 773,1241 771,1241 769,1241 767,1241 747,1254 503,1237 501,1237 413,1250 291,1237 289,1237 155,1248 155,1277"/>
        <Baseline points="155,1277 1558,1292"/>
        <TextEquiv>
          <Unicode>P.S.,- A mon passage à Paris, j&#39;ai vu naturellement Léon Bourgeois,</Unicode>
        </TextEquiv>
      </TextLine>

    
    
      <TextLine id="eSc_line_8dc76698" >
        <Coords points="318,1314 316,1329 1591,1347 1595,1329 1595,1301 318,1285 318,1314"/>
        <Baseline points="318,1314 1595,1329"/>
        <TextEquiv>
          <Unicode>mais je n&#39;ai pu trouver dans ma hâte de repartir pour la Sarthe,</Unicode>
        </TextEquiv>
      </TextLine>

    
    
      <TextLine id="eSc_line_d67c7599" >
        <Coords points="824,1321 805,1321 802,1320 697,1320 696,1320 677,1320 659,1320 641,1320 630,1318 569,1318 567,1318 549,1318 531,1318 512,1318 494,1318 481,1316 439,1316 439,1316 421,1316 402,1316 384,1316 366,1316 348,1316 329,1316 327,1314 311,1314 311,1343 309,1362 1599,1384 1602,1362 1602,1332 827,1321 824,1321"/>
        <Baseline points="311,1343 1602,1362"/>
        <TextEquiv>
          <Unicode>M. Pichon.- Je ne me fais d&#39;ailleurs aucune illusion sur le prix</Unicode>
        </TextEquiv>
      </TextLine>

    
    
      <TextLine id="eSc_line_0aaa8966" >
        <Coords points="318,1376 316,1395 1536,1415 1540,1395 1538,1369 318,1352 318,1376"/>
        <Baseline points="318,1376 1540,1395"/>
        <TextEquiv>
          <Unicode>qu&#39;on peut attacher à mes efforts au Quai d&#39;Orsay ; je me suis</Unicode>
        </TextEquiv>
      </TextLine>

    
    
      <TextLine id="eSc_line_133bb828" >
        <Coords points="315,1409 313,1431 1599,1446 1602,1429 1600,1406 315,1385 315,1409"/>
        <Baseline points="315,1409 1602,1429"/>
        <TextEquiv>
          <Unicode>donc borné à écrire à notre ministre la lettre sommaire également</Unicode>
        </TextEquiv>
      </TextLine>

    
    
      <TextLine id="eSc_line_9dfa1e83" >
        <Coords points="311,1442 309,1462 1558,1481 1562,1459 1562,1435 311,1418 311,1442"/>
        <Baseline points="311,1442 1562,1459"/>
        <TextEquiv>
          <Unicode>ci-jointe en copie. Elle n&#39;a rien de confidentiel pour/vous ; il</Unicode>
        </TextEquiv>
      </TextLine>

    
    
      <TextLine id="eSc_line_29bff3e5" >
        <Coords points="313,1475 311,1492 1655,1514 1659,1495 1659,1466 313,1451 313,1475"/>
        <Baseline points="313,1475 1659,1495"/>
        <TextEquiv>
          <Unicode>est même nécessaire que vous soyez au courant de de que nous faisons,</Unicode>
        </TextEquiv>
      </TextLine>

    
    
      <TextLine id="eSc_line_4e1eef0a" >
        <Coords points="318,1510 316,1530 1599,1543 1602,1528 1600,1504 318,1482 318,1510"/>
        <Baseline points="318,1510 1602,1528"/>
        <TextEquiv>
          <Unicode>à Paris pour le succès d&#39;une coopération vraiment sérieuse de nos</Unicode>
        </TextEquiv>
      </TextLine>

    
    
      <TextLine id="eSc_line_faec213a" >
        <Coords points="311,1545 309,1567 1610,1585 1613,1561 1611,1532 311,1515 311,1545"/>
        <Baseline points="311,1545 1613,1561"/>
        <TextEquiv>
          <Unicode>trois nations au service de la Sociéte des Nations. En deux mots</Unicode>
        </TextEquiv>
      </TextLine>

    
    
      <TextLine id="eSc_line_25144d31" >
        <Coords points="311,1576 309,1598 1034,1612 1036,1612 1038,1612 1058,1603 1060,1587 1058,1563 311,1552 311,1576"/>
        <Baseline points="311,1576 1060,1587"/>
        <TextEquiv>
          <Unicode>j&#39;en reviens toujours a ma conviction:</Unicode>
        </TextEquiv>
      </TextLine>

    
    
      <TextLine id="eSc_line_70d5f9e9" >
        <Coords points="315,1640 313,1664 1593,1680 1597,1662 1597,1634 315,1618 315,1640"/>
        <Baseline points="315,1640 1597,1662"/>
        <TextEquiv>
          <Unicode>faillite et un argument de plus pour les sceptiques ; - organisée</Unicode>
        </TextEquiv>
      </TextLine>

    
    
      <TextLine id="eSc_line_f94d7d47" >
        <Coords points="549,1612 547,1629 1538,1644 1542,1627 1540,1598 549,1587 549,1612"/>
        <Baseline points="549,1612 1542,1627"/>
        <TextEquiv>
          <Unicode>isolée, la Société des Nations ne sera rien qu&#39;une</Unicode>
        </TextEquiv>
      </TextLine>

    
    
      <TextLine id="eSc_line_5c23bbef" >
        <Coords points="309,1678 307,1709 443,1713 445,1713 446,1713 450,1711 476,1704 578,1713 600,1715 602,1715 611,1713 655,1706 666,1715 668,1717 670,1717 672,1717 674,1719 805,1719 805,1717 807,1717 809,1717 822,1708 870,1717 882,1719 884,1719 886,1719 890,1717 914,1708 956,1719 959,1719 961,1719 963,1719 970,1719 1020,1709 1397,1722 1401,1695 1401,1669 309,1655 309,1678"/>
        <Baseline points="309,1678 1401,1695"/>
        <TextEquiv>
          <Unicode>en participation, elle vivra et pourra sauver le Monde.</Unicode>
        </TextEquiv>
      </TextLine>

    
    
      <TextLine id="eSc_line_31163627" >
        <Coords points="1119,1779 1119,1786 1192,1794 1194,1779 1194,1741 1157,1730 1155,1730 1154,1730 1119,1735 1119,1779"/>
        <Baseline points="1120,1781 1196,1781"/>
        <TextEquiv>
          <Unicode>££</Unicode>
        </TextEquiv>
      </TextLine>

    
    
      <TextLine id="eSc_line_1487b59f" >
        <Coords points="124,1841 122,1861 205,1872 206,1872 371,1867 450,1865 468,1869 496,1876 498,1876 500,1876 577,1871 646,1867 1058,1880 1062,1850 1058,1810 1027,1823 868,1823 685,1821 677,1810 675,1810 675,1808 674,1808 672,1808 670,1808 602,1816 577,1805 575,1805 573,1805 571,1805 566,1805 522,1812 496,1805 492,1803 490,1803 489,1803 487,1803 481,1805 434,1818 324,1818 278,1801 274,1801 272,1801 124,1801 124,1841"/>
        <Baseline points="124,1841 1062,1850"/>
        <TextEquiv>
          <Unicode>à Monsieur le Président Nicholas Murray BUTLER,</Unicode>
        </TextEquiv>
      </TextLine>

    
    
      <TextLine id="eSc_line_233e49a6" >
        <Coords points="540,1880 540,1915 721,1916 725,1876 719,1856 538,1858 540,1880"/>
        <Baseline points="540,1880 725,1876"/>
        <TextEquiv>
          <Unicode>NEW-YORK.</Unicode>
        </TextEquiv>
      </TextLine>

    
    
      <TextLine id="eSc_line_1d1108c1" >
        <Coords points="122,2039 122,2070 329,2067 329,2039 327,2012 122,2012 122,2039"/>
        <Baseline points="122,2039 329,2039"/>
        <TextEquiv>
          <Unicode>2 annexes.</Unicode>
        </TextEquiv>
      </TextLine>

    
    </TextRegion>
    
  </Page>
</PcGts>
