1737 2197
791 175 903 236 - 2 -
311 261 1595 329 depuis mon arrivée aux Etats-Unis jusqu’à mon départ, Nous avons
313 342 1614 402 vraiment, vous et moi, un seul et même bureau divisé en deux par-
315 406 1612 463 ties pr/esque interchangeables, des deux côtés de l'océan, l'un à
315 470 1594 532 Paris, l'autre à New York, avec annexes à Washington et dans les
315 536 1630 598 principaux centres des Etats-Unis. Je l'ai éprouvé déjà en 1907 et
315 611 1595 662 en 1911, mais cette fois plus encore et je serais bien ingrat si
315 679 1636 734 je n'ajoutais que j'ai été heureux de voir mon fils accueilli com-
313 746 1652 801 me moi-même. Son voyage bien précieux pour lui, n'aura pas été inu-
315 801 1634 875 tile ; il a créé un lien de plus entre lui et moi d'abord, puis en-
315 875 963 935 tre nous et mes amis américains.
491 935 1595 995 J'ai tenu à résumer cette rapide visite d'à peine trois
313 1005 1663 1067 semaines aux Etats-Unis. Elle a été officielle en un sens et privée.
313 1078 1579 1136 Officielle, puisque je ne l'ai faite qu'à la demande de M. Léon
315 1149 1632 1206 BOURGEOIS, d'accord avec notre Ministre des Affaires Etrangères et
309 1202 1573 1272 notre Président du Conseil ; elle avait pour objet de rappeler à
315 1277 1595 1331 mes amis américains, ce que vous savez,XX vous, si bien, le prix
316 1336 1612 1402 que nous attachons en France, en dépit des bavardages de la médi-
316 1413 1572 1464 sance, à l'organisation solide de nos bonnes relations avec les
313 1470 1614 1534 Etats-Unis. Elle a été privée, puisque je n'avais aucune instruc-
315 1539 1614 1601 tion et devais me borner à voir mes amis personnels. En sorte que
315 1605 1636 1667 je n’aperçois aucun inconvénient, au contraire, à vous communiquer,
313 1673 1630 1733 à titre personnel, le journal que j'ai écrit pour moi de mon/voyage
311 1737 1610 1803 et dont j'ai naturellement remis un premier exemplaire à M. BOUR-
313 1807 1616 1863 GEOIS, en attendant que j'en/remette un autre à M. PICHON, pour la
311 1872 1683 1944 forme, car il a d'autres lectures plus urgentes à faire que celle-la.
