1741 2197
863 206 952 258 - 2 -
417 333 1594 391 tâchons de l’améliorer pour qu’elle dure. Et pour arriver à
416 400 1656 455 l'améliorer, commençons par le faire vivre, par le voter et le
414 468 612 527 ratifier.
547 538 1675 596 Je sens très nettement qu'en évitant de me servir de mon
410 596 1675 659 voyage pour ou contre un parti, en France et aux Etats-Unis, et
408 670 1642 728 en m’attachant à tout ce qui pourra rétablir vraiment la paix,
408 732 1592 796 je ferai une bonne action dont personne ne pourra me savoir
406 794 665 862 mauvais gré.
540 860 1651 930 A mon retour en France, dans un mois, je retrouverai le
410 931 1610 990 Parlement en pleine discussion du traité, mais après l’avoir
408 999 1627 1065 critiqué, comme je l'ai fait moi-même, on le votera. On a une
405 1069 1609 1124 telle soif de paix, de retour à la vie normale! Et cette vie
401 1133 1587 1199 normale reprend ; elle va reprendre moins lentement, la paix
403 1190 1680 1259 étant enfin signée et quelles que puissent être ses difficulté/s
401 1255 1665 1332 d’exécution. A Paris, tout est à la joie, joie sérieuse relati-
401 1331 1623 1396 vement mais joie quand même. Les courses d'Auteuil ont repris
401 1398 1640 1455 comme avant la guerre. C'était dimanche dernier le grand prix;
401 1464 1623 1532 jamais il n’avait plus brillant. Tout Paris y était, on a re-
740 1435 839 1477 été
401 1528 1675 1598 commencé à parier, à étaler les toilettes les plus sensationnel-
397 1598 1640 1655 les, les automobiles du plus grand luxe. Aujourd'hui, c'est le
394 1656 1616 1730 grand prix de Longchamps ; le grand événement qui terminait la
394 1724 1687 1797 saison de Paris jadis, mais qui n’en était plus qu’un des attraits
394 1790 1134 1861 quelques années déjà avant la guerre.
531 1854 1576 1938 Au Havre, je vois la jolie station de Sainte-Adresse
