1733 2197
903 157 1013 228 - 3 -
340 291 1566 347 bien ce dont, au fond, on se plaignait. On ne voulait pas de
340 364 1564 421 cet exemple. Si quelques centaines cependant d’autres grands
340 430 1619 490 bienfaiteurs l’avaient imité, s’il avait pu fonder, par exemple,
338 499 1606 563 un journal à opposer à la presse chauvine, un journal de vérité
340 558 1643 633 et de paix pour contredire les journaux de mensonge et de corrup-
344 635 1601 701 tion, peut-être aurait-il réussi à retarder et par conséquent à
342 704 992 761 rendre impossible cette guerre ?
740 776 1628 838 Quoi qu’il en soit, CARNEGIE a eu le courage
340 829 1604 909 et l’intelligence de prendre l’initiative d’une grande campagne
338 897 1524 977 pour la paix. Il a doublé l'initiative américaine et c’est
338 970 1623 1050 ainsi que la Seconde Conférence de La Haye a pu se réunir. C'est
340 1032 1483 1118 en partie grâce à lui que les conflits de Dogger-Bank, de
342 1096 1584 1180 Casablanca, du Carthage et du Manouba et tant d’autres ont été
340 1162 1610 1259 réglés pacifiquement. Il a rendu ainsi un service incalculable.
335 1298 1558 1385 été irréprochable aux yeux de l'opinion, mais il a voulu être
730 1244 1577 1325 S'il s'était contenté d'être riche, il eût
333 1365 1518 1457 utile, et rendre à l’Humanité les bienfaits dont l'Humanité
333 1435 1613 1521 l'avait comblé. Je respecte sa mémoire et je ne suivrai pas les
335 1508 1628 1600 critiques qui ne lui reprochent, au fond, que d’avoir consacré sa
331 1576 1531 1667 fortune à des œuvres d'utilité générale et non d’assistance
344 1642 624 1700 particulière.
326 1764 1634 1867 faits consacré non à faire le bien mais à s'entourer de flat(t)eurs,
719 1713 1606 1799 La moitié seulement ou le quart de ses bien-
