1733 2197
844 113 956 179 - 2 -
327 247 1586 320 les circonstances qui l’empêcheraient de la rencontrer avec son
324 327 1511 388 mari. Avant de recevoir sa réponse j'étais passé chez elle
327 393 1588 455 avec mon fils et Haskell, à New-York, mais déjà la maison était
329 468 1489 518 fermée et vide. Personne même n’était là pour recevoir ma
327 525 798 593 carte et me renseigner.
681 596 1590 657 Je suis de ceux qui n'ont jamais cessé d'être
326 668 1593 719 reconnaissant à Andrew CARNEGIE de son grand effort pour servir
324 726 1533 794 la paix. Il ne lui a manqué, comme à nous-mêmes, que d'être
326 794 1650 869 mieux soutenu par tous ceux qui devaient être les premiers bénéfi-
326 867 778 926 ciaires se son action.
685 931 1628 999 Quand il a consenti, sur ma suggestion, à doter
327 992 1624 1069 la Cour de La Haye du palais qui devait la réhabiliter devant les
327 1058 1591 1135 Gouvernements, il a décidé de son sort. Le Président ROOSEVELT
326 1127 1608 1204 et lui ont été vraiment les sauveurs de l'institution de La Haye
326 1197 1544 1272 que la Conférence de Paris vient de supprimer outrageusement.
679 1272 1529 1340 On a reproché à CARNEGIE d'avoir essayé de
326 1327 1507 1400 convaincre l’Empereur d’Allemagne que son intérêt comme son
324 1396 1544 1470 devoir était de servir la paix et non de déchaîner la guerre.
324 1461 1546 1541 Les événements ont démontré qu'il avait raison, et son effort
326 1532 1599 1611 était celui qu’il fallait tenter d'un côté, tandis que d’autres,
326 1596 1546 1678 comme JAURES, faisaient appel à la conscience encore asservie
320 1667 1580 1744 du peuple allemand. CARNEGIE a donc fait beaucoup, immensément
318 1731 1584 1805 pour la paix. On lui a reproché d'avoir mis son nom au fronton
318 1803 1562 1876 de toutes ses fondations. Ce fut un tort, peut-être ? Je n’en
318 1869 1579 1953 suis pas sûr. Car il donnait ainsi son nom en exemple et c'est
