1737 2197
820 140 1121 212 LETTRE N° 557.
170 216 417 303 SÉNAT
1159 259 1575 351 PARIS, 11 Août 1919
606 399 1269 483 LA MORT DE M. Andrew CARNEGIE .
963 562 1304 635 Mon cher Butler,
731 737 1584 792 J'apprends par les journaux la nouvelle de
353 798 1599 864 la mort de M. Andrew CARNEGIE. J'ai télégraphié ce qui suit à
353 876 696 931 Madame CARNEGIE.
480 979 1564 1025 "efforts Andrew Carnegie to prevent war and to help us
586 935 1603 999 We receive sad news. Will never forget generous
485 1016 1621 1067 "against barbarian agression stop. We shall remain always
485 1047 1401 1093 "your faithful and gratefully devoted friends.
1013 1078 1500 1138 DESTOURNELLES CONSTANT "
359 1136 1557 1201 Une lettre presonnelle que j’avais reçue de Madame CARNEGIE,
360 1213 1586 1263 le mois dernier, pendant mon séjour à New-York, ne me faisait
360 1276 1594 1342 pas prévoir cette fin rapide ; au contraire et j’appréhendais
360 1338 1566 1404 pour cet homme d'une activité si généreuse, une lente agonie
360 1402 1528 1475 d'impuissance. Je respire pour lui en apprenant qu’il est
360 1475 793 1534 sauvé de ce supplice.
359 1612 1583 1673 Madame CARNEGIE pour tenter de la voir et lui demander de ses
718 1537 1566 1607 Dès mon arrivée à New-York j'avais écrit à
359 1671 1548 1744 nouvelles. Comme toujours cete femme de devoir, qui a été
359 1748 1601 1803 vraiment sa compagne et sa collaboratrice, m’a répondu exacte-
357 1810 1603 1882 ment et affectueusement, regrettant son absence de New-York, et
139 1969 1082 2045 à Monsieur le Président Nicholas Murray BUTLER.
