1741 2197
826 157 932 228 - 3 -
1039 274 1103 344 ££
287 400 1132 454 XXXX s'il ne peut pas être copié à temps.
458 342 1614 389 Je vous envoie ce journal par courrier ou par le prochain
472 466 1576 521 Je vous prie d'être, auprès de vos collaborateurs et de
293 530 1519 596 nos amis, l'interprète des sentiments de gratitude que vous y
295 598 687 664 trouverez exprimés.
472 668 1055 728 Votre affectueusement dévoué,
951 725 1467 827 ££
76 822 885 904 Monsieur le Président N. Murray BUTLER
291 897 480 972 NEW YORK
