1763 2197
870 100 976 164 - 5 -
333 265 1640 349 soit, avant tout, liquidation des difficultés franco-britanniques
333 338 553 411 pendantes :
337 479 1684 534 auxquelles il ajouta lui-même, -ce qui m’a perdu, car personne n'en
461 406 1678 476 ££ convention d’arbitrage, (pour me faire plaisir, disait-il)
335 534 886 604 a voulu,- Cette troisième :
514 606 1024 681 limitation des armements.
355 743 1643 814 main, de sa main, ces trois conditions dont j'ai donné publique-
712 673 1664 739 J'ai conservé le papier où il écrivit le lende-
337 805 1642 882 ment connaissance à M. Delcassé, qui ne me l’a d’ailleurs jamais
337 878 535 941 pardonné.
337 1017 1521 1083 rare que sa richesse et sa beauté, une âme qui mariait à la
707 946 1618 1021 La belle Duchesse avait quelque chose de plus
333 1080 1662 1157 fantaisie des Marlborough une indépendance toute américaine. C'est
333 1140 1625 1232 ainsi qu’elle m’autorisa, par la suite, à compter son mari, chef
335 1219 1579 1292 alors de je ne sais quel ministère, parmi les promoteurs de la
333 1285 897 1349 conciliation internationale.
328 1411 1627 1503 dans ce palais de Sunderland ; - et cependant, après cette guerre,
707 1351 1665 1428 Je l'ai revue encore, quelques années plus tard,
328 1475 1669 1561 je me demande si mon souvenir n’est pas imaginaire ; je le confonds
328 1545 1629 1634 avec une de ces impressions d’art et d’histoire que m'ont laissée
328 1614 1631 1704 certains tableaux de l'école anglaise. Je me demande si la belle
326 1684 1530 1761 Consuelo a existé de mon vivant ou bien dans quelque galerie
326 1746 1684 1839 célèbre ; elle pourrait tout aussi bien avoir été l’une des ancêtres
320 1810 1508 1905 de son mari ou quelque lady Hamilton, ou toute autre beauté
