1763 2197
866 155 987 223 - 3 -
329 247 1620 320 de la France le point d’arrivée et le passage de tout le transit
331 325 1598 384 d’outre-Océan! Cette incompréhension de notre intérêt national
333 384 1667 459 est un scandale que j’ai dénoncé maintes fois ; je n'y reviens pas.
806 457 1618 527 Le charbon s'est raréfié en Europe, mais
329 521 1634 591 il abonde aux Etats-Unis. Là un outillage incomparable dont nous
329 589 1559 664 persistons à ne pas vouloir tenir compte, l’accumule dans les
326 662 1625 735 ports. Un seul homme et, à défaut d'un homme, une seule machine,
333 728 1614 801 charge 500 grands wag/ons metalliques de charbon en huit heures.
331 801 1618 869 Il est impossible qu'en face de telles simplifications et malgré
329 860 1667 948 le prix très élevé de la main-d'œuvre américaine, nous continuions
326 930 1493 1012 à prétendre que le charbon américain(s) n’existe pas pour la
328 995 1647 1085 France, alors qu’il suffit de trouver des bateaux pour l’importer.
328 1135 1669 1224 tout notre commerce, toute notre vie nationale et hier encore notre
800 1083 1627 1157 La vérité est que toute notre production,
326 1206 1610 1299 défense nationale, sont fonction d’une bonne organisation de nos
326 1272 562 1334 transports.
320 1398 1566 1497 de transports est depuis trop longtemps systématique. Pour ne
795 1340 1587 1431 Notre parti-pris de négliger nos moyens
318 1471 1599 1569 parler que de la Sarthe, le Conseil Général se rappelle les pro-
322 1541 1541 1634 testations dont je n’ai cessé de le saisir, depuis longtemps,
318 1607 1638 1699 quant à l’abandon de certaines lignes essentielles de notre réseau
315 1666 1557 1770 de tramways. Exemple : le tramway du Lude à Pontvallain. Autre
313 1746 1570 1836 exemple : celui-là invraisemblable ; le tramway de Foulletourte à
309 1805 1623 1909 la gare de La Flèche ; deux ponts metalliques franchissant le Loir,
