1761 2197
855 122 960 203 - 6 -
320 259 1623 325 d’autrefois transmise à notre ravissement par le génie d'un poète
322 325 1563 388 et d'un peintre. Ce que je sais bien nettement, c’est qu’elle
322 410 1603 463 portait le nom du Duc de Marlborough et que je l’ai vue reine de
326 466 1561 529 ce palais aujourd’hui démeublé mais riche encore de son archi-
326 536 1656 598 tecture victorieuse, de ses décorations du dix-septième siècle.....
328 611 1542 671 Quelle influence ont exercé, en Angleterre et dans toutes les
322 675 1544 735 Cours, les femmes sur la politique, sur la paix et la guerre !
322 745 1623 807 Combien de fois ai-je pensé qu’il fallait au luxe britannique non
318 809 1640 873 pas seulement de généreuses révoltes contre l’ambition des conqué-
320 878 1564 942 rants/européens, mais un jour ou l’autre une ambition non moins
321 944 1658 1006 impérialiste dévorante. Et quel plus grand luxe au monde que celui
544 917 595 964 et
320 1012 1640 1083 d’une femme anglaise à la mode! C’est un luge auquel les démocra-
322 1078 1656 1151 ties ne craignent pas maintenant d’aspirer. Sans parler des Améri-
320 1147 1658 1217 caines, les belles Anglaises, en tous cas, ne voudront jamais d’une
318 1210 1618 1279 vie simple ; il leur faut la domination. Elles abandonneront des
315 1279 1315 1349 palais, mais pour les échanger contre des Empires.
723 1506 1636 1583 Malgré tout, c'est un signe des temps de voir
313 1576 1685 1662 l'aristocratie anglaise loger la Société des Nations, s'y intéresser,
311 1640 1612 1717 et le très noble Lord Robert Cecil, avec Lord Grey, lui servir de
307 1706 1629 1785 parrains. Comprendront-ils qu'elle doit vivre dans l’indépendance
309 1772 1588 1858 ou ne pas vivre ? Appartenir à tout le monde et non à eux seuls
307 1843 1713 1935 ou à eux surtout. Renonceront-ils à leur tendance à tout insulariser ?
