1769 2197
842 161 946 210 - 2 -
333 278 1664 373 matie anglaise à la conférence ; il m’a affirmé qu’il entendait non
333 353 1606 435 pas monopoliser à Londres la Société des Nations, mais préparer
335 421 1642 501 son organisation le plus tôt possible à Genève, si les Suisses en
335 481 1620 565 veulent. Il a accepté les propositions de M. Bourgeois quant aux
333 549 1620 629 réunions préparatoires à Bruxelles et s’est montré très désireux
329 616 1576 697 de dissiper ou d’atténuer mes appréhensions. Lord GREY, que je
331 682 1633 772 voulais voir également, était en Ecosse. Je retournerai à Londres
327 746 996 831 avant son départ pour Washington.
796 864 1073 924 Votre dévoué,
759 952 1432 1032 signé : d'ESTOURNELLES de CONSTANT
190 1116 1307 1193 P. S. Excusez ce mot dicté : je suis un peu souffrant.
