1736 2197
840 177 959 219 - 2 -
384 287 1569 364 populations de mon pays natal, dans notre Département de la
386 369 1651 426 Sarthe, que je représente au Parlement et pour leur dire que je
384 437 1679 501 suis plus que jamais de cœur avec ceux qui ont souffert de cette
388 505 1481 580 horrible guerre et qui souhaitaient sa fin victorieuse.
778 596 1353 651 Votre affectueusement dévoué
893 671 1399 776 ££ ££ ££
186 820 998 891 à Monsieur le Président N. Murray BUTLER
379 895 573 953 NEW YORK
593 953 1578 1052 ££ ££ ££ ££ ££ ££ ££
