1753 2197
906 160 1047 212 - 10 -
670 281 1602 344 J’ai dit tout cela, comme je le pense et comme
340 362 1621 410 j’en souffre, non pour triompher de l’erreur anglaise, mais pour
340 424 1600 483 tenter d'en atténuer les effets en en parlant ouvertement. Mon
338 490 1641 554 langage ne pouvait prêter à aucune équivoque. C'était celui d’un
338 552 1657 622 ami de l’Angleterre adjurant les Conservateurs de ce grand pays de
335 622 1643 692 ne pas servir inconsidérément l’anarchie et la révolution, c’est-
337 684 1659 752 à-dire le recommencement de la guerre, pour la ruine définitive de
340 761 1641 831 la France, sans doute, mais pour le plus grand péril aussi de ses
337 831 630 889 alliée d'hier.
690 893 1599 963 Lord Robert Cecil a été touché de ma démarche
337 963 1518 1032 et de la peine que j'avais prise de venir à Londres pour le
340 1028 1597 1107 trouver ; de même que quelques semaines auparavant M. Taft était
335 1093 1637 1175 sensible à ma visite à Murray Bay. Il m'a offert de télégraphier
333 1166 1655 1243 à M. Bourgeois et à M. Taft simultanément, pour organiser d'accord
333 1232 1633 1314 avec eux, au milieu d’octobre, à Bruxelles , la réunion des trois
333 1298 1672 1378 associations française, anglaise et américaine, primitivement fixée
331 1367 1575 1440 au 22 Septembre, alors qu'on croyait la ratification du traité
329 1433 1589 1514 moins éloignée. C’est ce que j’ai fait aussitôt, d’acord avec
331 1493 664 1565 lui et nos amis.
679 1561 1630 1642 Je suis entré ensuite en relations personnelles
327 1625 1657 1706 avec les services de Sunderland House, et notament avec leur chef
326 1700 1586 1775 Sir Eric Drummond, qui m’a plus ou moins connu jadis à Londres.
329 1766 1621 1841 Ces services constituent un état-major international dont je vous
326 1830 1564 1900 envoie ci-joint la très-intéressante XXXXX et nombreuse liste.
327 1885 1644 1984 C'est toute une administration nouvelle qui demande à vivre ; c’est
