1768 2197
859 113 1157 186 LETTRE N° 564.
192 186 432 285 SÉNAT
1101 243 1636 322 CRÉANS, 12 Septembre 1919.
639 446 1262 521 LA BIBLIOTHEQUE DE REIMS .
939 613 1282 681 Mon cher Butler,
648 781 1621 844 En réponse à vos lettres récentes et notamment à
349 847 1641 915 celle de Haskell du 11 du mois dernier, concernant l'attribution
351 928 1639 981 par la Dotation Carnegie d'une somme de 500.000 francs au profit
351 986 1542 1058 d’une œuvre de reconstruction en France, je ne puis que me
351 1056 1601 1131 référer à la lettre du maire de Reims que je vous ai transmise
349 1125 1276 1204 sous le N° 532, le 27 Mai 1919, en l'appuyant.
643 1204 1601 1263 M. Langlet demandait un secours pour la recons-
351 1263 1581 1331 truction de la Bibliothèque de Reims. J'en ai parlé à M.Léon
349 1336 1601 1400 Bourgeois, sénateur du Département de la Marne et Président de
349 1393 1637 1470 la Commission des Régions Libérées. Il m'a répondu que la ville
349 1470 1599 1536 de Reims lui paraissait tout à fait qualifiée pour recevoir un
348 1526 1639 1601 secours d’une grande institution, et particulièrement d’une Uni-
346 1605 1634 1675 versité américaine. Ce secours aura un caractère à la fois his-
348 1667 1559 1741 torique, scientifique et vraiment symbolique de protestation
348 1739 1271 1797 contre les barbares destructions de la guerre.
643 1801 1553 1876 Si vous décidez que la ville de Reims sera la
203 1966 1150 2041 à Monsieur le Président Nicholas Murray BUTLER.
