1763 2197
192 210 414 285 SÉNAT
866 199 1169 272 LETTRE N° 560.
1110 391 1546 474 CREANS, 23 Août 1919.
733 565 1306 651 C'EST LA LOI .
943 767 1292 836 Mon cher Butler,
617 926 1645 999 La guere, heureusement victorieuse, (que serait-ce
337 992 1506 1065 si elle ne l’avait pas été !) continue de produire dans la
342 1067 1605 1142 France dépeuplée, ruinée, épuisée, ses conséquences inattendues
340 1138 678 1193 de nos chauvins.
749 1197 1623 1268 Les mères se refusent délibérément à mettre
339 1266 1643 1349 au monde des enfants qui leur seront tués à vingt ans, et je com-
337 1343 1609 1406 prends maintenant qu’une des causes de notre dépopulation crois-
339 1404 1528 1479 sante et systématique a été la leçon des guerres du Premier
339 1471 1623 1556 Empire. Ces guerres n'ont pas seulement tué des millions d’hom-
337 1537 1524 1623 mes, elles ont aussi contribué à supprimer des centaines de
335 1612 1541 1691 millions d'enfants à naître. La carte que voici est claire;
952 1598 1088 1640 ££ ££
337 1669 1620 1764 il/elle rappelle qu’en France, tandis que les Etats-Unis et l'Alle-
335 1746 1601 1829 magne ont doublé leur population en un demi-siècle, sans parler
192 1927 1130 2019 à Monsieur le Président Nicholas Murray BUTLER.
