1734 2197
820 172 932 227 - 3 -
305 303 1008 358 en équilibre.... tant bien que mal.
307 428 1673 492 WASHINGTON", nous annonçait, par radio, que le Président WILSON allait
523 367 1505 432 Vers la même heure, le grand paquebot, "le GEORGE
307 505 1638 558 prendre la parole, à son bord, pour adresser à son entourage et aux
307 571 1686 624 troupes américaines qui l’accompagnaient un message que nous pourrions
303 635 1316 697 peut-être entendre par la téléphonie sans fil......
305 763 1673 831 faisait savoir qu’il achevait sa première traversée de l'Atlantique...
521 699 1638 756 Et xxx un dirigeable anglais, passant plus au nord, nous
302 825 1627 902 n’ayant pas mis beaucoup plus d’heures que nous de jours en bateau,
303 902 655 977 pour l’accomplir.
518 963 1404 1028 A quand ma prochaine traversée en aéroplane?
300 1093 1554 1166 préparer de nouvelles guerres mille fois pires que la dernière?
516 1032 1649 1098 Est-ce que tous ces incroyables progrès ne serviront qu'à
302 1158 1552 1235 Cela dépendra de la solidité de l'accord entre la France et les
300 1226 809 1288 autres peuples civilisés.
791 1320 1360 1389 Votre affectueusement dévoué
844 1428 1380 1504 d'ESTOURNELLES de CONSTANT
106 1576 910 1649 Monsieur le Président N. Murray BUTLER
357 1645 538 1715 NEW YORK
