1761 2197
874 128 971 197 - 2 -
313 258 1597 336 l’Angleterre, afin de ne faire mon voyage que bien d’accord avec
315 335 1574 402 mon Gouvernement et sans mystère pour le Foreign office. Après
313 410 1577 465 quoi, j’ai pris mon train et goûté la mélancolie et le recueil-
315 479 1458 532 lement bienfaisant d’un voyage solitaire. J'ai trouvé en
315 540 1575 606 arrivant un mot de Lord Robert Cecil me convoquant pour le len-
315 615 1500 668 demain Lundi à 3 heures, au siège provisoire de la Ligue ou
318 684 1592 739 Société des Nations, 17 Piccadilly, annexe de Sunderland House.
320 754 1520 805 Cela m’a donné le temps de voir, à l’Ambassade, notre chargé
318 816 1619 876 d’affaires, M. de Fleuriau , qui s’intéresse sincèrement, quoique
318 887 1537 937 diplomate, à la Société des Nations et j’ai déjeuné avec lui.
318 952 1599 1012 Il m'a conduit ensuite à Sunderland House. Je voulais constater
318 1021 1416 1076 de mes yeux que le rêve d’avant la guerre se réalisait.
667 1078 1599 1146 La réalisation est ambitieuse et de bon augure
315 1144 1579 1210 pour l’avenir. Quelle différence avec les pauvres débuts de la
320 1212 1597 1285 Cour de La Haye ! La Société des Nations est, -provisoirement,-
320 1276 1638 1342 logée dans l'un des plus beaux palais de Londres, et quel palais ?
320 1347 1563 1417 Ironie de la destinée ou signe des temps ? Peu importe, c’est
320 1413 1559 1479 celui du duc de Marlborough, le vainqueur du Roi Louis XIV, le
317 1484 1616 1547 héros légendaire de notre vieille chanson "Malbrouck s’en va-t-en
320 1547 1614 1618 guerre !" Et ce vaste palais, déjà trop petit, les services de la
852 1528 947 1581 est
315 1612 1577 1684 nouvelle organisation entendant si bien l'occuper qu'il a fallu
317 1686 1616 1744 lui adjoindre un autre immeuble, celui où Lord Robert Cecil s’est
315 1750 881 1819 tant bien qu/e mal installé.
667 1816 1608 1887 Je n'en croyais pas mes yeux. Quel changement,
313 1885 1515 1955 pour qui connaît bien Londres et les Anglais ! Dans l'un des
