1763 2197
896 133 1009 192 - 2 -
317 287 1601 358 d'être à peu près seul pour tout ce qui concerne la direction de
315 362 1585 421 mon parti. Je ne tiens pas à être un chef, mais je suis obligé
315 428 1599 494 d'être un guide. La fête, favorisée par le temps magnifique que
313 503 1541 560 nous avons eu tout cet été, a beaucoup ému la population. Je
315 569 1594 637 vous signale c/ette impression parce qu’elle est, pour l’avenir,
317 626 1673 703 d'un très bon augure. S’il est vrai, ici plus que partout ailleurs,
317 703 1640 768 que nul n'est prophète dans son pays, je constate que ma situation
315 770 1603 834 politique à Clermont-Créans, et à plus forte raison au-delà, est
318 836 1678 917 bien meilleure que je ne pensais.- C’est également l’impression que
313 906 1522 977 je rapporte de chacune de mes visites en automobile dans bon
313 964 1603 1038 nombre de localistés de la région, que j'avais dû négliger pendant
313 1034 1594 1109 cette longue guerre, et où je reçois un aussi bon accueil qu’aux
313 1098 1599 1182 Etats-Unis. C'est tout vous dire !!! Nous sommes loin des pre-
309 1162 1610 1246 mières semaines de la guerre. Puissè-je avoir le plaisir de vous
309 1230 1631 1320 recevoir de nouveau, avec votre famille, comme par le passé, l'éte
304 1298 1273 1382 prochain et à Créans et à la Mairie de Clermont.
956 1407 1544 1486 Votre affectueusement dévoué,
1101 1466 1326 1550 ££
190 1590 1143 1673 à Monsieur le Président Nicholas Murray BUTLER,
591 1664 793 1741 NEW-YORK.
196 1957 390 2028 1 annexe.
