1763 2197
822 151 938 234 - 7 -
659 283 1594 346 Tout cela est vrai ou discutable, mais plus on
324 349 1627 415 attendra pour les utiliser, plus elles auront perdu de leur prix;
324 430 1651 490 et le jour où l’administration se décidera à les vendre, les ache-
328 487 1612 562 teurs seront déçus et on prétendra encore que c’est la faute des
324 558 586 622 Américains !
661 618 1649 692 Il sera plus juste de d ire que c’est le résultat
322 699 973 761 de notre désordre administratif.
659 767 1533 823 Je termine, Messieurs, en vous proposant de
324 822 1631 898 protester contre ce désordre et ces négligences qui privent notre
326 898 1533 974 commerce, notre agriculture et notre industrie des moyens de
324 970 1631 1039 transports sans lesquels il ne leur sera pas possible de soutenir
322 1041 1207 1107 la lutte contre des concurrents privilégiés.
659 1103 1627 1184 Or cette lutte pour nous est devenue toute autre
324 1166 1607 1252 chose qu'une question de bénéfices ; c’est la lutte pour la vie !
324 1237 1530 1321 Sans transports, notre activité nationale, qui a tant besoin
320 1299 1605 1389 d'être soutenue, sera frappée d’une véritable interdiction ; nos
318 1373 1643 1459 ressources qui restent incomparables et auxquelles le monde entier
315 1442 1642 1530 ne demande qu’à rendre justice après cette guerre pourvu qu’elles
317 1510 1541 1592 soient mises en circulation, seront condamnées à l'isolement.
654 1589 1581 1658 J’ai l’honneur de vous proposer en conséquence
315 1636 865 1720 l'adoption du voeu suivant :
529 1706 1632 1792 "Le Conseil Général considérant que les moyens de commu-
459 1750 1623 1829 nication n'ont jamais été plus nécessaires à l'agriculture,
452 1783 1609 1854 a l'industrie et au commerce français, f/ait appel au Gou-
454 1819 1616 1887 vernement pour que, sans plus de retard, ces moyens soient
458 1850 1627 1927 mis à la disposition du pays et lui permettent de reprendre
458 1885 1552 1953 son rang dans les luttes de la concurrence. Il insiste
456 1916 1647 1990 notamment pour que l'administration ne laisse pas plus long-
459 1953 1587 2024 temps pourrir le stock énorme des automobiles américaines
448 1988 692 2041 abandonnées".
1013 2056 1581 2127 d'ESTOURNELLES de CONSTANT .
