1736 2197
818 172 935 216 - 2 -
305 294 1618 369 maire de CHICACO, Gouverneur de l'Illinois, Mr. STUNNE, et du com-
305 364 1598 432 mandant de la SAVOIE. Un officier a lu, conformément au programme
307 441 1620 497 ci-joint de la cérémonie, le texte de la déclaration de l’Indépen-
305 501 1638 571 dance; une dame française a chanté la MARSEILLAISE, une autre a ré-
309 574 1670 644 pondu par l’hymne américain, repris en choeur par toute l’assistance.
520 633 1624 703 M. WALSH, personnalité respectée des Etats-Unis, a fait
303 695 1580 765 alors un très éloquent et très utile discours sur le bienfait de
307 768 1638 844 l’accord franco-américain, dans le passé, dans le présent et l’ave-
309 840 408 898 nir.
520 897 1660 961 J’ai répondu dans le même sens en profitant de la présen-
309 966 1638 1038 ce des jeunes officiers et soldats américains qui regagnaient leurs
309 1025 1562 1103 foyers pour leur exprimer la gratitude de la France. C'était un
307 1100 1562 1166 spectacle imposant que celui de cette jeunesse heureuse d’avoir
307 1162 1600 1237 tout sacrifié et d’avoir franchi l'océan pour s'offrir au service
305 1228 1629 1299 désintéressé de la France, et toute prête à recommencer, au besoin.
305 1294 1578 1347 Je leur ai parlé de leurs mères qui les attendaient et de celles
303 1351 1616 1415 aussi qui ne verraient pas revenir leurs fils mais qui auraient du
305 1424 1613 1493 moins la consolation de les avoir consacrés au salut de la liberté
303 1497 1635 1552 du monde et au rétablissement de la paix que nous avions tout fait
303 1554 615 1611 pour maintenir.
520 1607 1615 1677 Malheureusement le temps, qui s’était annoncé très beau
302 1684 1558 1752 la veille, pendant la préparation de la fête, s'est gâté ; c’est
302 1755 1596 1814 assez fortement secoué, arrosé de pluie et d’embruns, que j’ai dû
302 1823 1633 1889 prononcer mon discours, plus acrobatique qu’éloquent, en anglais et
