1726 2197
568 108 875 190 LETTRE N° 552.
185 214 423 289 SÉNAT
1103 302 1570 380 PARIS, le 24 juin 1919
564 494 1172 587 LA SIGNATURE de la PAIX. -
819 743 1157 809 Mon cher Butler,
366 939 1583 1012 Gouvernement Français que l’Allemagne accepte sans conditions
522 867 1533 935 La délégation allemande a fait savoir hier soir au
360 994 835 1060 la signature du traité.
518 1067 1586 1140 Cette nouvelle a été accueillie à Paris avec joie, au
360 1135 1603 1204 bruit des salves d’artillerie, des cloches, des sirènes et des
359 1199 1649 1268 orchestres improvisés. Les rues pavoisées retentissent des chants
357 1268 1583 1343 de ££a foule, manifestant son allégresse par des danses et des
359 1338 1225 1406 cris de vive la France, viv/ent les alliés!
514 1407 1619 1473 La signature de la paix aura lieu solennellement à Ver-
355 1471 1548 1539 sailles, aussitôt l’arrivée des plénipotentiaires allemands,
351 1537 1575 1611 avant la fin de la semaine. Elle sera célébrée par de grandes
351 1601 646 1660 fêtes à Paris.
507 1660 1551 1742 Je viens de téléphoner ces heureuses nouvelles, à la
348 1719 1493 1807 première heure à la Flèche, pour m’associer à la joie des
146 1821 960 1900 à Monsieur le Président N. Murray BUTLER
340 1898 525 1969 NEW YORK
