1759 2197
797 155 1114 227 LETTRE N° 566 .
187 218 426 272 SÉNAT
1093 269 1628 353 CREANS, 16 Septembre 1919.
698 450 1333 523 LA FETE DE CLERMONT-CRÉANS .
958 642 1295 703 Mon cher Butler,
608 807 1597 869 La pierre de touche, avant les luttes électorales
333 869 1672 946 qui se préparent dans la Sarthe, était ma propre commune, Clermont-,
333 941 1555 1012 Créans, connue pour être la plus réactionnaire du pays et par
333 1021 1652 1080 conséquent la plus hostile à mon action. On m’annonçait les pires
331 1082 1654 1146 hostilités. Tant de malheureux sont en deuil, tant d’autres sont
331 1144 1616 1213 revenus mutilés, malades ou blessés, qu’on peut s’attendre à des
329 1212 1597 1276 manifestations d’égarement contre quiconque a exercé une action
331 1287 1616 1340 publique avant et pendant cette longue guerre. - Afin d’en avoir
333 1347 1595 1413 le coeur net, j'ai fait, là comme ailleurs, mon devoir, sans me
333 1411 1614 1484 soucier du "qu'en dira-t-on". J'ai fait élever au cimetière, le
331 1484 1594 1552 premier dans tout le Département, un monument commémoratif des
331 1545 1636 1625 victimes de la guerre ; monument qui sera inauguré le 1° Novembre
331 1622 1573 1686 prochain. Cela fait, j'ai profité de l'été et du séjour de ma
331 1678 1654 1750 famille à Créans, pour organiser une fête en l’honneur des soldats
329 1748 1553 1814 démobilisés. Le succès a dépassé toute attente. En voici le
331 1810 1614 1882 compte-rendu, naturellement rédigé par moi, car ma faiblesse est
170 1969 1108 2046 à Monsieur le Président Nicholas Murray BUTLER.
