1753 2197
886 148 1005 212 - 5 -
688 280 1635 347 Et dire que la France a tellement dans le sang,
371 355 1657 415 depuis des siècles, ces surprises de la destinée ; elle a vu tant
375 419 1670 477 et tant de ces conséquences de toutes les guerres dont elle a été
375 490 1518 545 le champ de bataille, qu'elle trouvera en elle la force de
379 552 1637 626 réagir une fois de plus et de refaire, malgré tout, sa foi dans
375 620 1582 681 un idéal. Un idéal d’autant plus haut qu’elle aura traversé
373 697 1578 754 plus de souffrances et plus d’épreuves. Mais, plus je vais,
373 759 1619 831 plus je comprends qu’après tout ce passé déconcertant, elle ne
373 834 1600 898 puisse pas être une nation comme les autres, et qu’elle fasse
373 900 1621 966 à la fois le scandale et l'admiration du monde. Il faut pour-
377 963 1655 1039 tant que le monde s’organise pour la défendre comme son rempart,
375 1041 1557 1107 son bouclier, contre les retours offensifs de l’autocratie.
829 1138 1412 1215 Votre affectueusement dévoué,
842 1241 1437 1338 ££ ££ ££
250 1493 1194 1578 à Monsieur le Président Nicholas Murray BUTLER,
653 1569 870 1651 NEW-YORK.
