<?xml version="1.0" encoding="UTF-8"  standalone="yes"?>
<PcGts xmlns="http://schema.primaresearch.org/PAGE/gts/pagecontent/2019-07-15" xmlns:xsi="http://www.w3.org/2001/XMLSchema-instance" xsi:schemaLocation="http://schema.primaresearch.org/PAGE/gts/pagecontent/2019-07-15 http://schema.primaresearch.org/PAGE/gts/pagecontent/2019-07-15/pagecontent.xsd">
  <Metadata>
	<Creator>escriptorium</Creator>
	<Created>2022-07-21T12:03:56.880080+00:00</Created>
        <LastChange>2022-07-21T12:03:56.880101+00:00</LastChange>

  </Metadata>
  <Page imageFilename="FRAD072_12J387_lettre0562_003.jpg" imageWidth="1761" imageHeight="2197">

    

    
    <TextRegion id="eSc_dummyblock_">
    
    
      <TextLine id="eSc_line_182132cc" >
        <Coords points="943,128 943,150 1037,142 1037,128 1037,102 943,100 943,128"/>
        <Baseline points="943,128 1037,128"/>
        <TextEquiv>
          <Unicode>- 3 -</Unicode>
        </TextEquiv>
      </TextLine>

    
    
      <TextLine id="eSc_line_ba76019a" >
        <Coords points="351,261 351,289 780,280 819,289 826,289 828,289 830,289 831,289 855,278 1057,278 1073,287 1075,287 1077,287 1079,287 1088,287 1148,276 1246,285 1257,285 1258,285 1275,285 1425,274 1594,281 1596,252 1590,217 1511,227 1449,219 1434,217 1432,217 1431,217 1423,219 1396,227 1180,223 1073,221 1071,221 1031,225 976,230 930,227 872,221 870,221 868,221 853,227 842,232 786,228 707,223 705,223 703,223 685,230 678,232 628,230 476,225 474,225 350,234 351,261"/>
        <Baseline points="351,261 1596,252"/>
        <TextEquiv>
          <Unicode>plus nobles quartiers du West End (Curzon Street, Mayfair), où</Unicode>
        </TextEquiv>
      </TextLine>

    
    
      <TextLine id="eSc_line_fa6e7a78" >
        <Coords points="357,324 357,355 1574,346 1575,320 1570,294 355,298 357,324"/>
        <Baseline points="357,324 1575,320"/>
        <TextEquiv>
          <Unicode>le souffle révolutionnaire n’a jamais passé, non loin des om-</Unicode>
        </TextEquiv>
      </TextLine>

    
    
      <TextLine id="eSc_line_a9870575" >
        <Coords points="355,393 355,415 1493,417 1497,386 1491,364 353,364 355,393"/>
        <Baseline points="355,393 1497,386"/>
        <TextEquiv>
          <Unicode>brages séculaires de Hyde Park, Sunderland House est bien</Unicode>
        </TextEquiv>
      </TextLine>

    
    
      <TextLine id="eSc_line_71fbfc92" >
        <Coords points="357,459 357,485 1638,479 1638,459 1636,424 1572,433 1513,424 1506,424 1504,424 1502,424 1498,424 1464,433 1227,426 1114,424 1112,424 1110,424 1101,428 1090,435 776,435 764,432 736,424 734,424 732,424 731,424 729,424 720,432 716,435 601,435 575,432 456,424 454,424 357,433 357,459"/>
        <Baseline points="357,459 1638,459"/>
        <TextEquiv>
          <Unicode>l’ancienne et somptueuse demeure qui devait perpétuer les souve-</Unicode>
        </TextEquiv>
      </TextLine>

    
    
      <TextLine id="eSc_line_d4919457" >
        <Coords points="355,529 355,547 1654,554 1656,529 1654,501 919,503 868,496 850,494 848,494 819,496 729,503 701,496 698,494 696,494 694,494 692,494 690,494 690,496 679,505 439,505 355,494 355,529"/>
        <Baseline points="355,529 1656,529"/>
        <TextEquiv>
          <Unicode>nirs de magnificence des Ducs de Marlborough. Elle est grandiose</Unicode>
        </TextEquiv>
      </TextLine>

    
    
      <TextLine id="eSc_line_17bcc1db" >
        <Coords points="357,596 357,618 566,616 588,620 619,626 621,626 668,620 701,616 727,620 758,626 760,626 798,620 842,615 985,622 1055,624 1057,624 1059,624 1060,624 1064,622 1075,615 1137,622 1163,624 1165,624 1167,624 1172,622 1191,613 1308,613 1597,622 1601,591 1596,560 934,569 914,567 857,560 855,560 787,569 769,571 762,569 736,562 734,562 732,562 507,571 388,562 386,562 384,562 355,571 357,596"/>
        <Baseline points="357,596 1601,591"/>
        <TextEquiv>
          <Unicode>et, comme tant d’autr/es à Londres, inspirée de la renaissance,</Unicode>
        </TextEquiv>
      </TextLine>

    
    
      <TextLine id="eSc_line_afbb050b" >
        <Coords points="360,662 360,690 1636,682 1636,662 1634,637 360,637 360,662"/>
        <Baseline points="360,662 1636,662"/>
        <TextEquiv>
          <Unicode>italienne et de l’orgueil de notre XVII ème siècle ; elle semble</Unicode>
        </TextEquiv>
      </TextLine>

    
    
      <TextLine id="eSc_line_639a3c43" >
        <Coords points="357,726 355,746 368,756 370,756 371,756 373,756 1596,754 1597,734 1596,703 357,699 357,726"/>
        <Baseline points="357,726 1597,734"/>
        <TextEquiv>
          <Unicode>avoir été importée au pays des brumes. Palais de pierre ou de</Unicode>
        </TextEquiv>
      </TextLine>

    
    
      <TextLine id="eSc_line_bdc9c1f3" >
        <Coords points="357,794 355,814 419,825 421,825 764,820 885,818 929,822 998,827 1000,829 1575,829 1577,798 1574,765 357,768 357,794"/>
        <Baseline points="357,794 1577,798"/>
        <TextEquiv>
          <Unicode>marbre blanc, aux lourdes murailles, aux larges fenêtres, aux</Unicode>
        </TextEquiv>
      </TextLine>

    
    
      <TextLine id="eSc_line_19d23be2" >
        <Coords points="359,860 357,884 1647,895 1651,867 1651,842 359,834 359,860"/>
        <Baseline points="359,860 1651,867"/>
        <TextEquiv>
          <Unicode>monumentales colonnes, noircies de brouillard et lavées de pluie,</Unicode>
        </TextEquiv>
      </TextLine>

    
    
      <TextLine id="eSc_line_f4154943" >
        <Coords points="359,930 359,957 1656,957 1658,937 1658,911 359,902 359,930"/>
        <Baseline points="359,930 1658,937"/>
        <TextEquiv>
          <Unicode>elle est avant tout une affirmation majestueuse de résistance aux</Unicode>
        </TextEquiv>
      </TextLine>

    
    
      <TextLine id="eSc_line_6b264017" >
        <Coords points="359,995 357,1017 919,1028 921,1028 1211,1021 1227,1021 1236,1021 1365,1030 1367,1030 1671,1021 1673,1001 1671,974 359,970 359,995"/>
        <Baseline points="359,995 1673,1001"/>
        <TextEquiv>
          <Unicode>conquêtes des vieilles monarchies européennes en même temps qu’une</Unicode>
        </TextEquiv>
      </TextLine>

    
    
      <TextLine id="eSc_line_04e2ebe5" >
        <Coords points="357,1061 355,1087 1632,1096 1636,1072 1634,1045 357,1038 357,1061"/>
        <Baseline points="357,1061 1636,1072"/>
        <TextEquiv>
          <Unicode>récompense de la guerre, donc un encouragement à la guerre. Avec</Unicode>
        </TextEquiv>
      </TextLine>

    
    
      <TextLine id="eSc_line_2970bb26" >
        <Coords points="357,1129 355,1155 1574,1166 1577,1138 1575,1107 357,1096 357,1129"/>
        <Baseline points="357,1129 1577,1138"/>
        <TextEquiv>
          <Unicode>le légendaire château de Blenheim, et tant d&#39;autres richesses</Unicode>
        </TextEquiv>
      </TextLine>

    
    
      <TextLine id="eSc_line_dbf313ba" >
        <Coords points="357,1195 357,1222 1064,1222 1165,1226 1379,1233 1381,1233 1418,1226 1423,1226 1440,1226 1579,1235 1581,1235 1632,1226 1634,1208 1634,1175 357,1164 357,1195"/>
        <Baseline points="357,1195 1634,1208"/>
        <TextEquiv>
          <Unicode>historiques que la fierté britannique a prodiguées de tout temps</Unicode>
        </TextEquiv>
      </TextLine>

    
    
      <TextLine id="eSc_line_f2941cd6" >
        <Coords points="357,1261 355,1281 1630,1296 1634,1276 1630,1244 1410,1246 1389,1243 1365,1237 1363,1237 1361,1237 1345,1241 1328,1246 1321,1241 1313,1235 1312,1235 1310,1235 1222,1235 1220,1235 1192,1241 1172,1244 1156,1241 1134,1233 1132,1233 1130,1233 1084,1239 1059,1243 1037,1239 995,1232 993,1232 776,1237 698,1239 687,1237 654,1228 652,1228 650,1228 648,1228 646,1228 635,1237 628,1237 580,1228 579,1228 357,1233 357,1261"/>
        <Baseline points="357,1261 1634,1276"/>
        <TextEquiv>
          <Unicode>aux serviteurs de ses libertés et de son prestige, elle proclame</Unicode>
        </TextEquiv>
      </TextLine>

    
    
      <TextLine id="eSc_line_024994a0" >
        <Coords points="359,1329 357,1358 1130,1358 1515,1369 1519,1340 1517,1314 359,1303 359,1329"/>
        <Baseline points="359,1329 1519,1340"/>
        <TextEquiv>
          <Unicode>qu&#39;en Angleterre un service rendu à l&#39;Etat n&#39;est jamais un</Unicode>
        </TextEquiv>
      </TextLine>

    
    
      <TextLine id="eSc_line_953d2bc5" >
        <Coords points="355,1396 355,1422 765,1422 776,1424 817,1431 819,1431 954,1424 984,1424 998,1426 1066,1433 1068,1433 1169,1426 1181,1426 1189,1426 1244,1435 1246,1435 1335,1428 1339,1428 1341,1428 1453,1437 1454,1437 1612,1428 1614,1407 1614,1380 355,1369 355,1396"/>
        <Baseline points="355,1396 1614,1407"/>
        <TextEquiv>
          <Unicode>bienfait perdu ; elle contribue à illustrer la famille du bien-</Unicode>
        </TextEquiv>
      </TextLine>

    
    
      <TextLine id="eSc_line_3d1e693e" >
        <Coords points="355,1462 353,1481 421,1492 423,1492 535,1484 546,1493 547,1493 549,1493 551,1495 1509,1495 1511,1473 1509,1440 355,1437 355,1462"/>
        <Baseline points="355,1462 1511,1473"/>
        <TextEquiv>
          <Unicode>faiteur, les Barons Spencer, les Comtes de Sunderland, les</Unicode>
        </TextEquiv>
      </TextLine>

    
    
      <TextLine id="eSc_line_f88626f4" >
        <Coords points="353,1525 351,1550 731,1563 732,1563 800,1556 822,1554 830,1556 855,1565 857,1565 859,1565 1028,1558 1057,1558 1068,1558 1136,1569 1137,1569 1335,1561 1354,1561 1356,1561 1374,1572 1376,1572 1378,1572 1379,1572 1423,1563 1608,1563 1612,1543 1612,1515 353,1493 353,1525"/>
        <Baseline points="353,1525 1612,1543"/>
        <TextEquiv>
          <Unicode>Barons Churchill, les Marquis de Blandford, les Comtes enfin et</Unicode>
        </TextEquiv>
      </TextLine>

    
    
      <TextLine id="eSc_line_5856ec06" >
        <Coords points="353,1590 351,1612 837,1618 841,1594 839,1569 791,1558 789,1558 663,1567 648,1567 643,1567 599,1554 597,1554 595,1554 538,1565 536,1567 491,1567 491,1565 478,1554 476,1554 474,1554 472,1554 470,1554 439,1565 436,1565 353,1565 353,1590"/>
        <Baseline points="353,1590 841,1594"/>
        <TextEquiv>
          <Unicode>les Ducs de Marlborough.</Unicode>
        </TextEquiv>
      </TextLine>

    
    
      <TextLine id="eSc_line_354e868c" >
        <Coords points="729,1662 727,1682 760,1695 762,1695 764,1697 804,1697 804,1695 806,1695 808,1695 808,1693 819,1684 875,1684 907,1697 908,1697 910,1697 1022,1686 1040,1699 1042,1699 1044,1699 1176,1700 1178,1702 1240,1702 1240,1700 1242,1700 1244,1700 1262,1689 1350,1702 1352,1702 1423,1691 1425,1691 1427,1691 1462,1702 1464,1702 1465,1702 1467,1702 1491,1693 1541,1702 1542,1702 1623,1693 1625,1673 1621,1633 1592,1642 1509,1633 1504,1633 1502,1633 1497,1633 1425,1642 1378,1633 1363,1631 1361,1631 1359,1631 1354,1633 1328,1642 1269,1633 1251,1631 1249,1631 1247,1631 1238,1633 1214,1640 1053,1640 956,1634 749,1623 747,1623 745,1623 729,1631 729,1662"/>
        <Baseline points="729,1662 1625,1673"/>
        <TextEquiv>
          <Unicode>Tant de gloire a quelque peu tourné la tête à</Unicode>
        </TextEquiv>
      </TextLine>

    
    
      <TextLine id="eSc_line_b3085ee2" >
        <Coords points="351,1726 350,1748 1588,1770 1592,1741 1590,1704 1546,1715 1447,1715 1412,1702 1403,1700 1401,1700 1400,1700 1383,1702 1337,1711 1288,1702 1282,1702 1280,1702 1264,1702 1130,1709 1066,1702 1024,1697 1022,1697 947,1702 872,1706 809,1700 720,1693 718,1693 716,1693 690,1700 678,1704 670,1700 654,1691 652,1691 650,1691 575,1700 553,1702 544,1700 509,1689 507,1689 505,1689 351,1699 351,1726"/>
        <Baseline points="351,1726 1592,1741"/>
        <TextEquiv>
          <Unicode>la famille ; il a fallu, dans ces derniers temps, pour réparer</Unicode>
        </TextEquiv>
      </TextLine>

    
    
      <TextLine id="eSc_line_1b97487c" >
        <Coords points="353,1790 351,1816 1566,1832 1570,1807 1568,1779 353,1766 353,1790"/>
        <Baseline points="353,1790 1570,1807"/>
        <TextEquiv>
          <Unicode>son désordre et même ses folies, pour redorer enfin son noble</Unicode>
        </TextEquiv>
      </TextLine>

    
    
      <TextLine id="eSc_line_a570ef0c" >
        <Coords points="351,1858 350,1882 414,1893 415,1893 417,1893 447,1883 448,1883 470,1893 472,1893 474,1893 819,1889 835,1898 837,1898 839,1898 841,1898 962,1889 965,1889 976,1898 976,1900 978,1900 980,1900 982,1900 1057,1891 1137,1902 1139,1902 1244,1893 1275,1904 1277,1904 1279,1904 1385,1894 1555,1905 1557,1905 1559,1905 1583,1894 1585,1872 1585,1841 351,1827 351,1858"/>
        <Baseline points="351,1858 1585,1872"/>
        <TextEquiv>
          <Unicode>blason, l’immense fortune américaine des Vander bilt rehaussée</Unicode>
        </TextEquiv>
      </TextLine>

    
    </TextRegion>
    
  </Page>
</PcGts>
