1763 2197
908 161 1020 241 - 3 -
392 281 1676 364 l'éducation. Il y a aussi la question des moeurs, des traditions
392 358 1640 424 les plus respectables. Il y a aussi la question des lois. Le
390 424 1620 497 plus simple est décidément de ne pas compter sur le lendemain
390 487 1257 556 et de vivre dans l'égoïsme, seul ou à deux.
705 558 1577 627 Malgré tout, il arrive parfois une naissance
386 624 1541 699 gênante, imprévue. Et alors quelles complications ! Trop
384 693 1631 774 heureux l'enfant s’il survit au désagrément de cette surprise.
705 761 1577 844 Je vous ai cité le cas de cette femme de ma
384 827 1497 915 commune faisant tranquillement inscrire à la mairie son
384 891 1632 983 enfant nouveau-né, sous le nom de son mari prisonnier en Alle-
384 970 1629 1060 magne depuis trois ans !!! Je demandais hier de ses nouvelles
381 1032 1552 1124 à mon secrétaire de mairie. Réponse: elle a eu un second
379 1094 1570 1188 enfant, et on est tenté de dire que c’est bien heureux pour
381 1166 1598 1261 la France, mais il portera, lui aussi, le nom du mari absent.
384 1232 1596 1332 C'est la loi. Voici mieux encore. Un de me administrés des
379 1301 1590 1400 plus respectables, disons Martin, est toujours sans nouvelles
372 1371 1499 1459 de son fils, soldat, porté disparu depuis le début de la
370 1431 1533 1530 guerre, et marié. La jeune femme, fille d’un autre de mes
375 1499 1609 1594 administrés, non moins honorable, disons Barbé,- a fini par se
368 1563 1574 1669 lasser d'être seule, et peut-on le lui reprocher ? Elle est
366 1636 1645 1739 devenue mère des œuvres d’une sorte de vagabond hommé Bouffard.
362 1699 1502 1803 Aussitôt après l'accouchement, le père de Martin accourt
364 1772 1625 1869 indigné, à la mairie, avec le père de la jeune femme, tous deux
357 1838 1621 1940 en deuil. Tous deux demandent qu'on n’aggrave pas leur malheur
