1761 2197
896 157 995 212 - 9 -
339 276 1601 346 des Nations. Il a tenu à bien rappeler les efforts qu’il avait
340 351 1555 408 faits pour collaborer personnellement avec M. Léon Bourgeois,
340 413 1583 474 regrettant de n’avoir pas mieux réussi dans ces efforts, faute
340 496 1658 543 sans doute d'un trait d’union entre leurs deux ignorances, l'un de
340 562 1504 615 l'anglais l’autre du français, puis il m'a déclaré que les
340 627 1581 681 palais où la Société des Nations était installé(e) à Londres n'é-
344 686 1544 746 taient que des campements provisoires, analogues à ce qu’ils
340 767 1583 822 avaient été pour l’administration de la guerre ; il ne demande
340 833 1630 891 qu’à presser l’installation à Genève de la nouvelle organisation.
342 902 1599 961 Il attend, comme nous, impatiemment la ratification américaine.
340 959 1623 1028 Il m'a interrogé attentivement sur les impressions de mon récent
340 1027 1579 1102 voyage en Amérique. Je ne lui ai pas caché que la déception y
340 1089 1676 1166 était grande, parmi nos amis, quant aux résultats de la Conférence,
340 1168 1652 1239 et, pour résumer bien nettement ce que signifiait cette déception,
337 1235 1640 1307 je n'ai pas hésité à lui dire que les Anglais n’avaient pas inté-
339 1290 1619 1374 rêt à passer aux yeux du monde pour "les grands profiteurs de la
335 1358 1676 1442 guerre". Lord Robert Cecil a reconnu, avec tristesse, que beaucoup
335 1431 1568 1508 de personnes en effet parlaient ainsi, mais qu’il chercherait
872 1417 1125 1466 et pensaient
331 1493 1685 1574 pour sa part, à leur donner tort. Je lui ai donné comme un exemple,
333 1563 1535 1638 d’ailleurs répugnant, de l'état d’esprit dont je parlais, le
333 1623 1535 1706 discours que venait de prononcer M. Knox, devant le Sénat de
333 1686 1671 1785 Washington, pour préconiser cyniquement une amitié cordiale franco-
331 1757 1641 1845 allemande ; comme si la guerre n’avait laissé chez nous ni deuils,
328 1829 1607 1905 ni désastres irréparables. J'ai laissé entendre que les Anglais
326 1898 1586 1980 n’avaient pas intérêt à encourager une aussi démoralisante con-
326 1955 1048 2034 clusion de la guerre. Etc... etc....
