1761 2197
868 108 978 181 - 2 -
313 234 1575 305 De très bonne foi et d'un élan magnifiquement désintéressé, vos
313 318 1616 371 compatriotes ont offert à la France leur secours personnel, moral
313 377 1579 450 et matériel pendant la guerre. Ils ne demandaient par la suite
317 455 1577 512 qu’à nous fournir les moyens de panser nos plaies. Leur inter-
315 518 1561 574 vention fraternelle ne devait pas finir avec la guerre mais se
315 587 1541 646 prolonger bien au-delà. Ils voulaient notamment nous laisser
317 660 1563 717 leurs stocks disponibles, énormes, de machines, de rails et de
317 732 1599 792 produits de toutes sortes. Au lieu de les encourager dans cette
315 801 1561 864 voie et de les remercier,on a préféré discuter avec eux, comme
315 864 1557 928 avec des marchands, et répondre par la plus sordide défiance à
315 926 553 984 leur offre.
667 994 1660 1067 Résultat : nos deux pays assistent impuissants aux
318 1069 1619 1133 discussions interminables et envenimées de leurs deux administra-
315 1129 1614 1204 t/ions et nos populations françaises, si économes, si soigneuses,
317 1193 1596 1270 voient avec indignation pourrir sur place, sous la pluie et sous
317 1261 1561 1336 le soleil, depuis des mois, tout ce qui leur manque et tout ce
315 1331 1577 1398 que les Américains n'ont pas le droit de leur donner ni même de
315 1404 1596 1464 leur vendre, de peur de soulever quelques mécontentements de nos
315 1468 1651 1537 commerçants. Embarrassé par ce spectacle, le Gouvernement français
315 1534 1577 1609 se disculpe en accusant ou en faisant accuser les Américains de
311 1598 1594 1669 manquer de bonne volonté, et le public en peut conclure naturel-
311 1671 1557 1748 lement que les Américains ont cessé d'être nos amis puisqu’ils
300 1759 1119 1830 nous refusent les moyens de vivre !! ....
