1737 2197
740 151 1044 223 LETTRE N° 55££
179 216 399 314 SÉNAT
1082 270 1498 349 PARIS, 13 Août 1919.
608 441 1167 527 SYMPTOMES DE JUSTICE .
747 521 994 589 M. JAUDON .
884 677 1214 741 Mon cher Butler,
670 798 1562 867 Tandis que j’ai la satisfaction de constater
395 862 1639 941 que ceux-là mêmes qui m’ont tenu à l'écart depuis si longtemps
397 946 1621 1008 se décident à recourir à mes services, je vois un de mes col-
395 1016 1522 1076 laborateurs les plus dévoués, Pierre JAUDON, recevoir du
399 1065 1665 1144 Gouvernement des marques de confiance répétées. Nommé récemment
397 1144 1522 1204 chef de bureau au Ministère de la Justice et chargé d'un
395 1221 1502 1277 service nouveau exceptionnellement important, celui des
397 1283 1526 1340 Sequestres, il vient d'être nommé Chevalier de la Légion
397 1347 1542 1417 d'honneur. Vous jugerez du caractère exceptionnel de ses
397 1413 1584 1486 titres par l'exposé que le "JOURNAL OFFICIEL", généralement
395 1488 1584 1552 pourtant assez sobre, consacre à leur énumération, dans son
395 1550 1643 1618 numéro du vendredi 8 Août ci-annexé. Il s'agissait d'expliquer
397 1620 1603 1684 comment relativement jeune, 14 ans seulement de services, il
395 1688 1639 1757 se trouve décoré en même temps que ses collègues beaucoup plus
395 1748 1579 1823 agés, quelques-uns d'entre eux avant 25, 35 ans, ou même 45
393 1818 850 1883 ou 48 ans de services.
906 1880 1491 1958 Votre affectueusement dévoué,
133 1940 611 2001 à Monsieur le Président
219 1991 681 2045 Nicholas Murray BUTLER,
351 2024 547 2092 NEW-YORK.
971 1966 1308 2045 ££ ££ ££
