1761 2197
905 137 1017 192 - 3 -
639 250 1616 325 Notre administration aura beau inaugurer des mo-
350 322 1674 391 numents expiatoires, elle n'en est pas moins très coupable d’avoir
350 395 1656 455 laissé aigrir, ou d’avoir aigri elle-même, l’enthousiasme franco-
351 463 1599 525 américain. Son excuse n'est qu'une aggravation. Elle n’a pas
357 529 1632 598 compris. Elle n'est pas capable de comprendre cet enthousiasme,
351 598 1614 666 pas plus qu’elle n'aurait jamais compris, sans notre impulsion,
357 662 1539 735 avant la g/uerre, le bienfait de l’amitié de nos deux pays.
357 719 971 814 ££ ££ ££ ££ ££
980 831 1588 900 Votre aff/ectueusement dévoué,
952 904 1539 997 ££ ££ ££
232 1155 1180 1226 à Monsieur le Président Nicholas Murray BUTLER,
646 1239 850 1316 NEW-YORK.
