1758 2197
855 124 1172 201 LETTRE N° 562 .
1093 91 1140 150 ££
197 162 424 280 SÉNAT
1188 245 1701 325 PARIS, 11 Septembre 1919.
637 483 1237 565 LA RECONNAISSANCE FRANCAISE
697 560 1177 640 POUR LES ETATS - UNIS .
933 750 1272 820 Mon cher Butler,
716 941 1574 1010 A mon retour des Etats-Unis, j'ai écrit au
362 1025 1620 1080 Maréchal Foch et au Maréchal Pershing les deux lettres dont je
778 995 908 1039 ££
362 1078 1613 1147 vous communique ci-joint copies. Elles répondent au sentiment
366 1155 1558 1213 de beaucoup de mes compatriotes. Je n’exagère pas quand je
364 1217 1615 1277 dis que nos populations sont arrivées à oublier que les Améri-
368 1294 1595 1356 cains ne sont pas Français. Elles les ont traités comme nous
368 1360 880 1422 nous traitons nous-mêmes.
1001 1475 1593 1559 Votre affectueusement dévoué,
1179 1561 1322 1629 ££
210 1774 1155 1854 à Monsieur le Président Nicholas Murray BUTLER.
611 1841 836 1926 NEW-YORK.
212 1986 424 2046 2 annexes.
