1768 2197
201 192 436 281 SÉNAT
809 140 1121 225 LETTRE N° 56££.
1058 309 1588 393 CREANS, 12 Septembre 1919.
578 474 1234 554 LA CÉRÉMONIE FRANCO-AMÉRICAINE
837 562 958 629 de la
692 622 1113 693 POINTE DE GRAVE .
908 785 1251 853 Mon cher Butler,
714 946 1592 1016 Le Président de la République est allé avec
304 1017 1606 1078 les autorités les plus hautes poser la première pierre d’un monu-
300 1082 1570 1151 ment destiné à commémorer, à la Pointe de Grave, (au Verdon) le
300 1158 1551 1221 départ de LA FAYETTE s’embarquant, en 1777, pour aller, malgré
300 1217 1590 1288 les résistances que l'on sait, offrir à WASHINGTON le secours de
298 1294 1548 1345 son jeune enthousiasme et de son épee. Il partit avec un seul
298 1360 1606 1420 petit vaisseau, représentant bien la chimère de notre idéal. Cent
300 1420 1584 1484 quarante ans plus tard, les Etats-Unis, peuplés de cent millions
300 1495 1626 1547 d'habitants, lui ont rendu cette visite en envoyant en France tou-
304 1559 1599 1622 tes leurs escadres, toutes leurs armées, toutes leurs ressources.
714 1622 1619 1693 J'étais de coeur partisan de cette cérémonie
316 1691 1527 1753 mais je n'ai pas tenu à y assister. Elle jure par trop avec
302 1755 1584 1829 l'ingratitude ou la légéreté des hommes qui ont laissé, après la
298 1819 1568 1883 guerre, naître entre les Français et les Américains, des malen-
300 1891 1542 1962 tendus graves qu’il ne suffit pas d’un discours pour dissiper.
133 2017 1079 2085 à Monsieur le Président Nicholas Murray BUTLER.
