1758 2197
886 120 1009 190 - 4 -
344 265 1631 351 par l’incomparable beauté de la duchesse actuelle, Consuelo, que
346 338 1615 411 je vois encore dans le cercle du Roi Edouard en 1903, avant les
347 415 1635 485 débuts de l’Entente Cordiale. Elle était du petit nombre de ces
347 483 1558 551 belles Anglaises d’origine ou naturalisées, auxquelles il ne
347 549 1543 609 manquait, dans leurs salons de grand style, que leur propre
349 616 1560 679 portrait peint par Gainsborough, Reynolds ou Romney ; chacune
349 692 1620 743 d’elles était son propre portrait vivant ; elles représentaient
349 761 1543 812 un pays, une race, une classe, une époque et par excellence
355 818 1604 889 l’aristocratie anglaise, l'aristocratie où les femmes ont joué
353 897 1620 957 de tout temps un rôle si actif dans les affaires d'Etat. Je me
355 963 1585 1017 souviens notamment que la duchesse de Marlhorough, au mois de
355 1028 1622 1093 Juillet 1903, était, à Maidenhead, l'une des invitées du Samedi
357 1096 1565 1153 au Lundi, dans l’élégante maison de campagne où la belle Mrs
358 1157 1585 1221 Taplow, grande amie du Roi, m’avait convié pour rencontrer la
357 1232 1562 1290 charmante Mme. Chamberlain, (autre Américaine), et son mari.
360 1296 1565 1365 C’est là que Chamberlain tint à revenir sur les déclarations
358 1373 1644 1433 que nous avions échangées l'avant-veille, au grand banquet de la
358 1437 1679 1501 Chambre des Communes et où, en présence des chefs des deux partis,
355 1506 1622 1565 A. Balfour et Campbell Pannermann, au lendemain de la guerre du
357 1570 1620 1638 Transvaal, je l’avais amicalement traité non pas d’enfant, mais
358 1638 1642 1706 "d'homme terrible, du Parlement anglais. Ces dames nous avaient
355 1704 1562 1766 laissés, lui et moi, en tête à tête, après le lunch et, pour
353 1770 1681 1830 donner une sanction précise à mes efforts de rapprochement franco-
353 1836 1578 1902 anglais, c’est là qu’il accepta , sans la moindre résistance
355 1900 1710 1982 les deux fameuses conditions que je proposais de l’entente cordiale:
