1761 2197
192 203 417 272 SÉNAT
808 166 1106 248 LETTRE N° 559.
1088 300 1520 373 CREANS, 21 Août 1919.
648 477 1207 549 MON RETOUR DES ETATS-UNIS.
927 642 1262 704 Mon cher Butler,
357 869 1583 935 Etats-Unis et j'y ai ajouté, en post-scriptum, quelques indi-
731 816 1662 875 Je vous ai envoyé le journal de mon voyage aux
359 944 1640 999 cations sur le bon accueil qe j’ai recu et sur les devoirs nom-
357 1012 1563 1072 breux que j'ai trouvés accumulés devant moi à mon retour en
360 1083 514 1135 France.
445 1135 1585 1213 ££ ££ ££ On m'a demandé de me rendre à Londres pour
355 1210 1658 1281 y voir nos amis Anglais et notamment Lord Robert Cecil, dont j’ai
357 1281 1601 1340 connu jadis toute la famille, à Hatfield, du temps de son père
357 1351 1522 1413 Lord Salisbury. Les Anglais ont conservé leur tempérament
359 1415 1581 1482 insulaire. Il fau/t pourtant qu’ils arrivent à concevoir une
359 1481 1498 1543 Société des Nations qui ne soit pas anglaise seulement ou
353 1543 1597 1614 anglo-saxonne, mais universelle. C’est là que sera, bien plus
359 1614 1636 1686 qu'aux Etats-Unis, la difficulté. J'ai accepté, en principe, de
357 1675 1581 1752 faire ce voyage et vais demander un rendez-vous à Lord Robert
357 1742 1000 1812 Cecil pour la semaine prochaine.
725 1814 1619 1885 Je suis aujourd'hui dans la Sarthe et j'y ai
153 1969 1095 2048 à Monsieur le Président Nicholas Murray BUTLER.
