1759 2197
553 56 1053 129 ££ ££ ££ ££ ££
815 129 1200 206 (££ ££ ££ ££ ££)
1260 102 1586 179 ££ ££ ££ ££
194 197 428 278 SÉNAT
1346 155 1465 223 ££
351 444 1462 527 CONCERNANT L'INSUFFISANCE DE NOS MOYENS DE TRANSPORT ET
505 378 1321 454 Voeu de Mr. d'ESTOURNELLES de CONSTANT ,
491 521 1304 596 LES NEGLICENCES DE NOTRE ADMINISTRATION.
1004 770 1222 844 Messieurs,
337 977 1619 1043 et de l'écrasement de l'autocratie militaire prussienne, le len-
672 906 1605 970 En dépit de la libération de l'Alsace-Lorraine
335 1049 1601 1109 demain de notre victoire menace d'être pour la France une grave
335 1114 1581 1188 déception, à beaucoup de points de vue. Je ne parle pas de ce
337 1193 1564 1254 que nous avons perdu, ni des impôts qui nous attendent, ni de
337 1246 1623 1320 l'élévation du prix des salaires, des matériaux, de toute la vie
335 1320 1562 1385 enfin ; je constate seulement que la production nationale est
335 1384 1638 1461 paralysée ; le désordre au temps de guerre survit à la guerre ; la
337 1461 1599 1521 coopération entre les pouvoirs publics et la population tarde à
337 1526 1623 1594 s'établir ; le commerce ne reprend pas. Nous avons commencé par
333 1580 1656 1656 accuser trop facilement nos Alliés d'être la cause de tout le mal;
335 1658 1601 1728 ils sont rentrés chez eux aussi mécontents que nous-mêmes et le
333 1726 1601 1794 mal s'est naturellement aggravé. Le Gouvernement s’efforce, il
337 1788 1619 1865 est vrai, de réagir et je ne lui attribue pas toutes les respon-
333 1850 1658 1933 sabilités ; je crois au contraire qu’un changement de gouvernement
333 1927 1579 1997 est insignifiant, si nous ne changeons pas nous-mêmes, par une
333 1984 1319 2056 vigilance incessante, nos mœurs administratives.
