1763 2197
817 113 1125 206 LETTRE N° 562.-
179 214 423 274 SÉNAT
1057 258 1609 327 En route, 3 Septembre 1919.
711 446 1211 523 MON VOYAGE à LONDRES.
542 543 1427 633 LE PALAIS DE LA SOCIÉTÉ DES NATIONS .
912 752 1251 814 Mon cher Butler,
692 931 1587 1012 J'ai pu m’en tenir, heureusement, à mon pro-
318 1010 1506 1078 gramme et limiter mon séjour à Londres à deux journées bien
320 1078 1583 1151 remplies. Arrivé Dimanche soir, je repars ce mercredi matin et
318 1155 930 1212 je ne regrette pas mon voyage.
692 1206 1645 1272 Je n’avais quitté Créans qu’après avoir préparé
320 1279 1585 1349 pour mon proche retour toute une série très compliquée d’itiné-
322 1356 1528 1415 raires de visites, de conférences et de réunions nécessaires
320 1415 1566 1481 pour mener à bonne fin les rudes campagnes électorales d’après
322 1488 1546 1541 guerre qui m’attendent et vont tomber toutes les unes sur les
322 1543 1660 1607 autres cet automne, (élections Municipales, cantonales, législati ££
326 1623 1568 1678 départementales, sans compter les comices agricoles, les fêtes
324 1686 1645 1746 patriotiques de la démobilisation, etc.... etc....). En traversant
328 1746 1590 1810 Paris, j’ai dîné en tête à tête chez Léon Bourgeois. Rapporteur
324 1816 1607 1882 général du traité de paix et soutenu par la presque unanimité du
326 1885 1550 1946 Sénat, il a pu mieux que personne me mettre bien au fait : le
326 1951 1530 2010 lendemain matin j’ai vu Stéph. Pichon et le chargé d’affaires
152 2061 1083 2132 à Monsieur le Président Nicholas Murray BUTLER.
