1739 2197
194 225 480 313 SÉNAT
674 164 1004 243 LETTRE N° 554 .
1037 296 1493 375 PARIS, le 29 juin 1919
518 527 1119 609 LA SIGNATURE de la PAIX .
835 728 1169 796 Mon cher Butler,
540 886 1654 963 Sur la "SAVOIE", où je suis installé depuis hier soir et
403 953 1643 1019 en attendant le dîner, je vous écris cette dernière lettre qui
403 1028 1662 1093 met fin, le lendemain du jour où la paix est enfin signée, à ma
403 1087 1583 1160 correspondance de la guerre. Correspondance de bientôt cinq
399 1164 1638 1228 ans! Qui l'eût dit, quand nous vous fêtions à Paris au restau-
401 1222 1619 1294 rant Ledoyen, avec Madame et Mademoiselle BUTLER et toute une
401 1288 996 1347 élite d'amis de tous les pays.
535 1362 1634 1420 Et quels vont être les lendemains de cette guerre? Tou-
395 1418 1632 1488 jours l'inconnu, mais après quels deuils, quelles destructions
397 1490 1673 1552 irrépar(a)bles ; - Attendons et tâchons , comme auparavant, de pré-
395 1550 1656 1618 venir ou d’atténuer tout ce que la bêtise et la méchanceté peu-
392 1627 1530 1686 vent laisser faire ou susciter de misère au pauvre monde.
392 1693 1632 1759 Mon voyage ne sera pas inutile, - si tardif soit-il ; à ceux de
388 1757 1053 1818 nos amis que je verrai, je dirai:
527 1808 1526 1896 Oui, le traité est insuffisant, mais c'est la/paix;
152 1909 956 1982 à Monsieur le Président N. Murray BUTLER
384 1990 571 2054 NEW YORK
