1761 2197
875 159 991 219 - 8 -
317 274 1581 358 me gêner, me sera précieuse". Fisher m’a offert de se retirer
318 351 1662 426 Finalement ils sont restés et j’ai dit, devant eux et avec d’autant
317 419 1280 488 plus de poids, tout ce que j’avais sur le cœur.
692 499 1662 547 J’ai rappelé que tenu à l’écart de tout, pendant
320 554 1583 626 les négociations de la paix, j'étais naturellement resté sur la
322 626 1546 692 réserve mais que je ne pouvais être indifférent à la tournure
322 692 1542 765 fâcheuse que prenaient les choses, à mon sens. Quoi de plus
328 763 1608 831 fâcheux que de voir nos amis Anglais faire bande à part avec nos
324 827 1641 900 amis Américains pour organiser la Société des Nations non à Paris,
326 893 1570 963 ou à Genève, mais à Londres ? Il est vrai que la France a tant
328 966 1590 1039 perdu par la guerre, ai-je dit, qu'on peut la croire épuisée et
328 1034 1662 1100 finie. C'est l’erreur classiq(u)e. On compte sans l’esprit français,
328 1100 1647 1177 "french spirit" qui a toujours suffi et suffira toujours à allumer
324 1175 1187 1237 ou rallumer le feu des généreuses révoltes.
698 1237 1607 1310 J'ai ajouté : "La guerre n’aurait pas dû finir
324 1298 1530 1374 par un soi-disant triomphe de la diplomatie anglaise". Lord
324 1363 1563 1440 Robert Cecil a abondé dans mon sens quand j'ai soutenu que, de
322 1431 1621 1510 nos jours, un triomphe diplomatique est un non sens et la préface
322 1504 1605 1572 de désastres futurs. Il a très sévèrement jugé la diplomatie de
322 1572 1585 1644 son pays à la Conférence de Paris. Je n’ai pas fait plus d’al-
320 1627 1542 1711 lusion aux événements de Perse, d’Egypte ou de Syrie, ni à la
320 1704 1563 1781 question des colonies allemandes, -(cela suffisait largement )-
317 1764 1218 1839 pour ne pas laisser notre entretien s’égarer.
692 1832 1656 1915 Il m'a demandé finalement ce qu’il pouvait faire
306 1898 1583 1980 pour me prouver sa ferme volonté de ne pas accaparer la société
