1735 2197
842 177 958 241 - 3 -
410 311 1593 373 conçue par Dufayel, puis cédée au Gouvernement Belge pour y
410 373 1648 437 loger ses services essayer de reprendre vie. Les rues joliment
408 443 1625 512 pavoisées de drapeaux interalliés multicolores, comme les ba-
410 508 1549 576 teaux du port, sont très animées, très gaies. Une musique
408 573 1667 640 d'un régiment écossais donne à la/population des concerts qu'ap-
408 649 1648 710 plaudit un auditoire cosmopolite. Le Havre me parait avoir ga-
408 714 1608 776 gné depuis la guerre. On y est beaucoup plus vivant que dans
408 778 1665 840 nos villes de l’intérieur. J’assiste au passage des coureurs du
410 844 1658 900 tour de France de la victoire, grande manifestation cycliste...
544 913 1608 964 J'ai le temps, car la "SAVOIE, que je m'étais hâté de
406 972 1661 1039 venir prendre a dû retarder son départ. L'équipage est en grève.
410 1039 1628 1096 Mais cela s’arrange ; nous partirons, dit-on, ce soir et c’est
406 1113 1626 1168 dans cette incertitude d’ailleurs très tranquille que je vous
408 1177 1599 1237 écris. Ces grèves de marins sont de plus en plus fréquentes.
410 1241 1658 1305 Les matelots mê(m)e de l'Etat se sont révoltés dans la Mer Noire,
406 1303 1658 1371 et sont revenus à Brest, avec leurs officiers sous les verrous.
408 1378 1570 1440 Il n'y a pas eu d'autres violences ; mais quel scandale que
410 1439 1665 1504 cette révolte!! dans cette marine de guerre si disciplinée, si
406 1510 1361 1570 douce ; ou chaque bâtiment était une famille...
544 1569 1680 1638 Cela tient à bien des changements. Et d’abord ces cuiras-
403 1644 1636 1700 sés qui n’ont servi à rien qu' à attendre la fin de la guerre,
404 1700 1661 1770 après avoir contribué à la rendre inévitable ; puis ces hécatom-
403 1775 1606 1839 bes des Dardanelles ; inutiles encore et révélatrices de tant
401 1839 961 1904 d’incapacité meurtrière.....
538 1907 1632 1975 Notez qu’après chaque guerre, maintenant et même avant,
