1761 2197
848 120 962 191 - 7 -
315 258 1636 336 Là est la question. Les progrès déjà acquis prouvent/qu’on n’a pas
317 336 1599 406 le droit de désespérer de l’avenir. Il faut seulement se donner
317 410 1616 472 la peine d'expliquer aux Anglais ce qu'ils ne trouveront pas tout
317 477 1520 538 seuls, précisément parce qu’ils sont insulaires, depuis trop
315 541 1638 604 longtemps. S'ils veulent accaparer la Société des Nations, ils la
315 613 1379 675 perdront et ils se perdront. Qu’ils le sachent bien.
615 675 1660 746 Tel est l'esprit de l'entretien que je voulais avoir
315 761 1654 822 et que j’ai eu avec Lord Robert Cecil. Malheureusement deux de ses
317 822 1579 893 amis, qui sont aussi les miens et que j'ai connus comme membres
320 893 1634 964 actifs du bureau de l’Association anglaise pour favoriser le déve-
318 961 1599 1032 loppement d’une Société des Nations, Sir Willoughby Dickinson et
317 1025 1676 1096 le Colonel Fisher, se trouvaient, comme par hasard, dans l'anticham-
317 1093 1636 1173 bre de Lord Robert. Il m'a demandé si je ne voyais pas d’inconvé-
317 1164 1577 1237 nient à leur présence. J'ai répondu franchement que j’en étais
317 1222 1627 1312 embarrassé ; que je venais lui parler, en tête à tête, à lui seul
317 1298 1594 1374 en mon nom personnel et non pas seulement au nom de M. Bourgeois
313 1362 1612 1439 et de mes amis Français ; que j’avais tenu à faire cette démarche
313 1426 1610 1512 pour l'acquit de ma conscience, avant tout, et en souvenir recon-
311 1488 1649 1590 naissant de l'amitié que son père et sa mère et toute la famille de
315 1561 1583 1653 Lord Salisbury m’avaient témoignée dans ma jeunesse ; et de l'in-
317 1631 1616 1728 fluence qu’ils avaient eu sur ma vie et sur ma carrière politique.
313 1689 1641 1796 "Cela dit," ai-je ajouté, "si ces messieurs et vous me permettez de
307 1761 1605 1865 vous parler "comme s’ils n’étaient pas là, leur présence, loin de
