1763 2197
886 119 998 195 - 4 -
366 245 1689 311 ayant subi toutes leurs épreuves d'essai et restant en l’air, sous
372 318 1596 380 l’oeil indifférent des populations mal renseignées, parce que
366 388 1653 450 personne n'a voulu faire le minime effort d’achever les quelques
370 455 1636 521 centaines de mêtres de terrassement nécessaires pour les relier
370 527 1576 591 au point terminus de la ligne. Cet exemple restera comme le
368 596 1631 659 plus saisissant, entre mille, de tous les autres du même ordre;
373 657 1658 730 c’est un phénomène d’inertie, de mauvais vouloir et d’incapacité
373 730 707 789 to/ut à la fois.
843 790 1596 865 Encore aujourd'hui, après cinq années
372 858 1678 933 d’inutiles protestations, tout ce que l’administration peut faire
372 928 1691 997 pour prouver qu’elle a eu raison de livrer ces ponts à la rouille,
372 1003 1638 1071 au lieu de les ouvrir à la circulation, elle le fait ; son point
372 1063 1638 1144 d’honneur est de justifier son inertie et non de la réparer. Je
370 1133 1259 1201 n'y rev/iens pas davantage, quant à présent.
372 1263 1691 1342 parti-pris d'entraver le commerce de notre malheureux pays, écrasé
826 1213 1638 1274 Je ne puis multiplier les exemples de ce
370 1345 1636 1409 de ruines et de charges, privé de plus de trois millions de ses
373 1409 1671 1479 travailleurs les plus jeunes et les plus actifs, et je me borne à
370 1473 1574 1552 un dernier symptôme de l’incapacité administrative dont nous
370 1532 584 1603 souffrons.
800 1607 1632 1684 Faute de tramways et de chemins de fer et
368 1671 1594 1753 de bateaux, les voyageurs, les marchandises françaises, n’ont
366 1737 1665 1823 plus qu’une ressource surabondante partout ailleurs qu’en France:
366 1805 1680 1893 l'automobile. Commerçants, médecins, entrepreneurs, cultivateurs,
362 1871 1629 1955 patrons, ouvriers mêmes, se servent en Amérique de l'automobile
