1920 2560
836 96 983 204 - 2 -
189 268 1798 386 populations de mon pays natal, dans notre Département de la
194 377 1892 475 Sarthe, que je représente au Parlement et pour leur dire que je
194 473 1907 590 suis plus que jamais de cœur avec ceux qui ont souffert de cette
202 569 1691 682 horrible guerre et qui souhaitaient sa fin victorieuse.
761 697 1540 806 Votre affectueusement dévoué
921 787 1685 951 ££ ££ ££
8 1019 1088 1152 à Monsieur le Président N. Murray BUTLER
256 1139 548 1252 NEW YORK
535 1154 1866 1350 ££ ££ ££ ££ ££ ££ ££
