1920 2560
770 134 908 217 - 3 -
138 433 1659 565 Commission du traité de paix à la Chambre des Députés, dans la
145 358 1668 482 discours très éloquent prononcé par M. VIVIANI, Président de la
128 268 1674 405 P.S. Vous trouverez également ci-joint le texte officiel du
128 522 1642 642 séance du 16 septembre, discours dont l’affichage a été voté à
136 682 721 789 ratification du traité.
140 605 1674 740 l’unanimité et concluant comme le rapport de M. BOURGEOIS, à la
