<?xml version="1.0" encoding="UTF-8"  standalone="yes"?>
<PcGts xmlns="http://schema.primaresearch.org/PAGE/gts/pagecontent/2019-07-15" xmlns:xsi="http://www.w3.org/2001/XMLSchema-instance" xsi:schemaLocation="http://schema.primaresearch.org/PAGE/gts/pagecontent/2019-07-15 http://schema.primaresearch.org/PAGE/gts/pagecontent/2019-07-15/pagecontent.xsd">
  <Metadata>
	<Creator>escriptorium</Creator>
	<Created>2021-03-18T09:47:09.306298+00:00</Created>
    <LastChange>2021-03-18T09:47:09.306320+00:00</LastChange>
  </Metadata>
  <Page imageFilename="P1190679.JPG" imageWidth="1920" imageHeight="2560">

    

    
    <TextRegion id="eSc_dummyblock_">
    
    
      <TextLine id="eSc_line_227776" >
        <Coords points="104,228 108,174 121,162 157,187 194,177 230,200 268,170 320,209 371,196 394,209 398,236 345,290 315,266 262,277 251,268 211,275 160,260 134,281 119,268 106,279"/>
        <Baseline points="106,229 401,238"/>
        <TextEquiv>
          <Unicode>SÉNAT</Unicode>
        </TextEquiv>
      </TextLine>

    
    
      <TextLine id="eSc_line_227688" >
        <Coords points="930,249 934,213 1056,215 1085,185 1100,183 1152,226 1203,219 1218,209 1273,256 1267,296 1222,302 1205,294 1164,302 1156,294 1090,288 1066,296 1053,288 932,283"/>
        <Baseline points="932,251 1128,249 1275,256"/>
        <TextEquiv>
          <Unicode>LETTRE N° 560.</Unicode>
        </TextEquiv>
      </TextLine>

    
    
      <TextLine id="eSc_line_227689" >
        <Coords points="1196,488 1226,456 1348,465 1384,484 1412,458 1437,460 1461,482 1480,462 1495,471 1510,460 1559,460 1576,477 1591,462 1681,462 1700,497 1693,524 1672,535 1653,522 1619,529 1587,520 1553,539 1514,520 1461,516 1435,535 1386,509 1354,541 1331,520 1269,516 1243,531 1233,520 1213,529 1198,514"/>
        <Baseline points="1198,489 1252,492 1399,495 1501,497 1577,499 1702,499"/>
        <TextEquiv>
          <Unicode>CREANS, 23 Août 1919.</Unicode>
        </TextEquiv>
      </TextLine>

    
    
      <TextLine id="eSc_line_227690" >
        <Coords points="772,672 776,637 802,650 823,637 846,654 859,642 885,642 898,654 910,646 977,648 994,665 1009,650 1028,663 1068,650 1102,663 1132,654 1169,680 1184,669 1230,676 1267,652 1288,667 1309,654 1339,665 1367,652 1405,669 1420,661 1425,684 1418,736 1380,729 1369,740 1354,727 1333,738 1316,727 1299,738 1290,729 1258,731 1239,744 1222,727 1198,723 1184,731 1164,723 1126,740 1107,721 1083,721 1058,736 1026,718 992,727 930,716 913,731 900,716 885,725 872,714 836,731 797,727 774,712"/>
        <Baseline points="774,672 900,676 972,682 1166,686 1427,686"/>
        <TextEquiv>
          <Unicode>C&#39;EST LA LOI .</Unicode>
        </TextEquiv>
      </TextLine>

    
    
      <TextLine id="eSc_line_227691" >
        <Coords points="1009,915 1011,889 1043,874 1053,885 1081,878 1094,891 1143,883 1216,898 1235,885 1262,893 1352,891 1405,919 1399,979 1358,949 1333,968 1309,957 1277,968 1250,949 1239,957 1220,940 1205,951 1188,947 1175,960 1160,951 1126,960 1085,942 1047,960 1032,945 1011,942"/>
        <Baseline points="1009,915 1273,915 1324,919 1405,919"/>
        <TextEquiv>
          <Unicode>Mon cher Butler,</Unicode>
        </TextEquiv>
      </TextLine>

    
    
      <TextLine id="eSc_line_227692" >
        <Coords points="608,1107 612,1041 642,1032 654,1045 721,1045 748,1070 776,1079 810,1068 836,1088 849,1075 859,1085 876,1068 885,1075 913,1047 945,1079 968,1068 979,1079 994,1073 1017,1081 1028,1070 1041,1083 1058,1083 1088,1070 1113,1083 1156,1075 1171,1088 1201,1085 1218,1070 1235,1085 1260,1079 1271,1090 1292,1090 1331,1068 1358,1090 1427,1088 1463,1100 1486,1081 1523,1092 1555,1079 1576,1088 1602,1073 1619,1090 1666,1090 1674,1081 1685,1094 1700,1083 1728,1094 1783,1090 1800,1100 1806,1128 1785,1158 1736,1143 1689,1162 1676,1149 1614,1154 1587,1145 1491,1154 1358,1141 1318,1156 1307,1145 1241,1141 1228,1152 1218,1141 1179,1143 1164,1128 1120,1158 1090,1139 987,1141 921,1130 910,1141 876,1134 861,1122 840,1143 819,1132 721,1130 697,1147 672,1122 625,1132 610,1122"/>
        <Baseline points="608,1109 755,1113 964,1111 1013,1117 1169,1117 1216,1122 1504,1122 1629,1130 1807,1129"/>
        <TextEquiv>
          <Unicode>La guere, heureusement victorieuse, (que serait-ce</Unicode>
        </TextEquiv>
      </TextLine>

    
    
      <TextLine id="eSc_line_227704" >
        <Coords points="270,1184 275,1152 305,1149 322,1134 339,1149 384,1134 396,1145 450,1145 458,1154 477,1137 492,1152 558,1141 588,1152 603,1143 616,1154 704,1149 716,1164 763,1141 782,1160 800,1154 812,1166 838,1147 900,1152 913,1162 949,1149 972,1166 1006,1147 1030,1164 1053,1166 1073,1149 1085,1162 1139,1154 1181,1175 1207,1152 1254,1175 1280,1152 1301,1169 1354,1164 1367,1175 1408,1152 1465,1179 1489,1160 1527,1177 1563,1177 1600,1147 1646,1166 1653,1205 1646,1228 1629,1237 1621,1230 1602,1239 1580,1218 1565,1230 1510,1233 1499,1243 1463,1218 1405,1233 1312,1222 1280,1233 1252,1218 1207,1224 1181,1209 1160,1228 1124,1218 1096,1228 1064,1218 992,1218 979,1205 949,1224 925,1222 906,1205 881,1216 827,1209 817,1198 789,1222 768,1211 727,1216 718,1205 697,1213 612,1211 580,1201 539,1230 499,1203 482,1218 458,1194 439,1207 352,1201 330,1213 275,1194"/>
        <Baseline points="273,1184 305,1181 635,1190 770,1188 857,1198 966,1196 1077,1201 1350,1201 1435,1203 1459,1207 1654,1207"/>
        <TextEquiv>
          <Unicode>si elle ne l’avait pas été !) continue de produire dans la</Unicode>
        </TextEquiv>
      </TextLine>

    
    
      <TextLine id="eSc_line_227693" >
        <Coords points="279,1256 283,1224 296,1222 341,1233 366,1222 379,1233 428,1228 443,1239 507,1220 539,1233 561,1224 580,1237 612,1213 640,1207 657,1209 686,1237 710,1235 738,1213 765,1211 804,1239 823,1228 851,1250 874,1254 917,1228 940,1245 996,1222 1019,1233 1032,1224 1053,1241 1088,1241 1105,1228 1132,1248 1164,1241 1177,1250 1207,1228 1258,1252 1275,1243 1290,1252 1303,1241 1320,1256 1393,1248 1408,1260 1457,1248 1497,1258 1521,1250 1548,1262 1572,1252 1614,1262 1651,1254 1689,1265 1730,1260 1742,1250 1749,1288 1742,1320 1666,1318 1621,1333 1589,1314 1550,1335 1538,1324 1514,1333 1499,1322 1489,1329 1465,1320 1435,1320 1420,1333 1390,1314 1339,1333 1297,1309 1275,1320 1267,1309 1205,1309 1190,1301 1145,1309 1100,1297 1068,1312 1051,1303 1036,1309 1024,1297 910,1309 883,1294 825,1305 812,1294 776,1303 740,1290 667,1299 652,1286 631,1286 616,1299 586,1290 569,1301 544,1286 505,1294 469,1286 403,1303 375,1284 320,1284 305,1292 283,1280"/>
        <Baseline points="281,1258 315,1256 537,1265 676,1265 733,1275 896,1273 1081,1284 1548,1290 1751,1290"/>
        <TextEquiv>
          <Unicode>France dépeuplée, ruinée, épuisée, ses conséquences inattendues</Unicode>
        </TextEquiv>
      </TextLine>

    
    
      <TextLine id="eSc_line_227703" >
        <Coords points="281,1339 283,1307 300,1297 309,1305 349,1299 377,1314 409,1309 433,1329 454,1312 501,1299 550,1318 618,1301 635,1318 657,1322 667,1339 663,1382 599,1369 588,1378 561,1371 548,1382 509,1376 499,1365 445,1367 435,1356 394,1371 366,1371 349,1358 285,1361"/>
        <Baseline points="281,1339 369,1339 401,1344 667,1339"/>
        <TextEquiv>
          <Unicode>de nos chauvins.</Unicode>
        </TextEquiv>
      </TextLine>

    
    
      <TextLine id="eSc_line_227694" >
        <Coords points="768,1427 774,1384 851,1405 881,1386 902,1386 921,1403 955,1405 983,1388 996,1397 1017,1388 1034,1405 1064,1412 1085,1399 1145,1399 1158,1410 1169,1399 1186,1408 1248,1401 1269,1416 1309,1390 1337,1405 1350,1397 1363,1405 1378,1393 1397,1412 1412,1401 1435,1416 1469,1403 1486,1416 1531,1420 1565,1420 1580,1405 1610,1420 1757,1418 1777,1448 1760,1472 1734,1480 1640,1472 1629,1482 1570,1467 1559,1476 1508,1469 1499,1478 1472,1467 1442,1469 1405,1480 1393,1465 1324,1467 1314,1478 1286,1465 1245,1482 1226,1472 1171,1476 1147,1467 1028,1476 1004,1465 915,1472 900,1463 770,1463"/>
        <Baseline points="768,1429 825,1425 864,1433 942,1437 1056,1435 1288,1446 1533,1444 1649,1450 1779,1450"/>
        <TextEquiv>
          <Unicode>Les mères se refusent délibérément à mettre</Unicode>
        </TextEquiv>
      </TextLine>

    
    
      <TextLine id="eSc_line_227695" >
        <Coords points="264,1497 268,1474 288,1461 317,1465 328,1457 343,1472 422,1463 471,1478 507,1461 520,1472 571,1478 605,1459 631,1474 676,1467 699,1476 718,1465 750,1482 770,1467 789,1480 842,1476 855,1486 878,1467 891,1478 910,1472 947,1482 968,1474 981,1484 1019,1478 1043,1486 1058,1478 1075,1489 1094,1476 1128,1497 1156,1478 1173,1491 1213,1480 1228,1493 1269,1480 1290,1497 1326,1484 1378,1497 1410,1486 1433,1508 1461,1497 1508,1499 1553,1514 1572,1497 1602,1495 1619,1506 1636,1497 1668,1501 1687,1516 1704,1506 1762,1501 1779,1525 1772,1557 1704,1559 1678,1550 1651,1568 1617,1548 1595,1561 1550,1548 1531,1563 1489,1559 1476,1568 1463,1557 1446,1565 1427,1548 1401,1557 1352,1546 1339,1553 1294,1536 1271,1553 1248,1538 1188,1548 1122,1538 1098,1548 1049,1536 1002,1536 989,1544 966,1527 930,1546 915,1536 872,1540 853,1527 778,1540 759,1523 729,1536 616,1533 569,1516 537,1536 477,1516 458,1531 448,1523 430,1531 405,1523 369,1533 341,1512 309,1523 268,1510"/>
        <Baseline points="264,1497 379,1501 407,1506 618,1504 659,1510 746,1510 817,1514 960,1512 1066,1523 1290,1521 1376,1531 1745,1531 1779,1525"/>
        <TextEquiv>
          <Unicode>au monde des enfants qui leur seront tués à vingt ans, et je com-</Unicode>
        </TextEquiv>
      </TextLine>

    
    
      <TextLine id="eSc_line_227705" >
        <Coords points="262,1574 279,1546 356,1540 373,1550 405,1548 428,1563 452,1548 486,1555 501,1544 520,1553 554,1542 565,1553 627,1555 642,1544 691,1568 714,1548 740,1559 800,1559 812,1550 840,1563 859,1555 908,1563 921,1576 940,1565 1028,1561 1068,1565 1083,1576 1102,1561 1145,1563 1154,1572 1196,1561 1245,1574 1265,1565 1290,1585 1307,1570 1344,1561 1386,1578 1454,1572 1486,1585 1523,1576 1538,1585 1572,1580 1593,1600 1623,1580 1693,1580 1721,1589 1728,1610 1721,1640 1668,1636 1642,1646 1600,1629 1527,1642 1516,1634 1420,1627 1388,1636 1371,1625 1356,1634 1290,1619 1258,1625 1149,1612 1098,1617 1083,1606 1060,1625 1024,1614 936,1617 923,1604 832,1617 755,1606 710,1617 689,1600 674,1610 571,1604 514,1612 433,1600 416,1608 398,1600 375,1608 366,1600 337,1608 302,1600 285,1610 266,1597"/>
        <Baseline points="264,1576 326,1582 612,1580 701,1591 913,1589 1160,1597 1201,1600 1237,1608 1457,1606 1544,1612 1565,1617 1728,1612"/>
        <TextEquiv>
          <Unicode>prends maintenant qu’une des causes de notre dépopulation crois-</Unicode>
        </TextEquiv>
      </TextLine>

    
    
      <TextLine id="eSc_line_227701" >
        <Coords points="275,1657 281,1625 347,1627 373,1612 416,1632 458,1627 480,1646 494,1632 556,1636 608,1625 618,1636 646,1627 712,1629 729,1642 763,1640 780,1655 829,1623 849,1629 885,1612 906,1614 930,1638 947,1636 983,1657 1004,1640 1047,1653 1102,1644 1128,1666 1166,1638 1218,1668 1235,1655 1309,1655 1329,1644 1350,1661 1373,1664 1384,1655 1405,1674 1431,1653 1474,1676 1504,1655 1536,1668 1578,1668 1591,1657 1604,1670 1638,1668 1644,1693 1638,1719 1621,1728 1606,1715 1486,1717 1474,1704 1465,1713 1420,1713 1403,1702 1378,1713 1260,1702 1245,1717 1213,1696 1152,1704 1128,1693 1058,1708 1043,1698 1004,1698 989,1685 934,1698 919,1685 872,1700 829,1683 819,1693 795,1693 778,1681 761,1693 710,1696 627,1685 512,1693 480,1678 422,1685 407,1672 386,1681 279,1676"/>
        <Baseline points="275,1657 416,1657 503,1666 601,1668 795,1666 874,1676 1098,1674 1160,1685 1358,1683 1390,1691 1435,1693 1644,1693"/>
        <TextEquiv>
          <Unicode>sante et systématique a été la leçon des guerres du Premier</Unicode>
        </TextEquiv>
      </TextLine>

    
    
      <TextLine id="eSc_line_227699" >
        <Coords points="262,1736 266,1708 283,1696 315,1706 375,1706 401,1696 454,1740 505,1698 524,1713 552,1713 571,1732 610,1710 629,1719 659,1706 669,1715 714,1715 748,1691 787,1719 876,1717 896,1734 955,1715 987,1738 1013,1721 1024,1732 1058,1719 1066,1728 1164,1734 1192,1723 1216,1745 1237,1730 1273,1738 1294,1723 1316,1745 1495,1740 1595,1751 1608,1764 1632,1747 1745,1747 1753,1774 1747,1794 1700,1806 1666,1802 1655,1792 1627,1804 1608,1787 1587,1802 1529,1796 1457,1804 1401,1779 1346,1804 1309,1774 1288,1789 1239,1785 1220,1772 1198,1783 1105,1774 1034,1785 985,1762 921,1783 893,1768 872,1779 808,1764 782,1777 753,1762 742,1770 582,1772 565,1755 539,1768 492,1766 471,1747 430,1768 398,1760 328,1766 311,1757 281,1762 266,1747"/>
        <Baseline points="264,1738 324,1734 411,1738 435,1745 672,1742 759,1753 972,1751 1056,1755 1092,1762 1230,1760 1307,1768 1755,1777"/>
        <TextEquiv>
          <Unicode>Empire. Ces guerres n&#39;ont pas seulement tué des millions d’hom-</Unicode>
        </TextEquiv>
      </TextLine>

    
    
      <TextLine id="eSc_line_227700" >
        <Coords points="262,1813 270,1766 285,1781 349,1785 375,1809 401,1785 467,1794 501,1787 522,1804 546,1783 684,1798 701,1787 718,1794 738,1777 763,1802 791,1802 804,1792 851,1794 859,1802 970,1792 981,1802 998,1794 1026,1819 1047,1806 1147,1813 1169,1798 1184,1811 1245,1811 1258,1824 1277,1813 1335,1819 1348,1832 1437,1813 1472,1828 1489,1819 1553,1824 1582,1838 1606,1824 1638,1830 1649,1856 1634,1879 1617,1885 1580,1866 1563,1879 1540,1875 1531,1883 1454,1875 1386,1881 1350,1860 1335,1870 1284,1868 1256,1851 1241,1864 1113,1862 1102,1853 1092,1864 1062,1849 1011,1858 981,1843 960,1853 765,1851 755,1841 744,1849 663,1853 616,1834 597,1845 422,1845 381,1830 356,1847 266,1830"/>
        <Baseline points="264,1815 358,1815 420,1821 640,1819 661,1826 704,1830 936,1828 981,1836 1051,1836 1143,1847 1367,1847 1388,1843 1418,1856 1651,1856"/>
        <TextEquiv>
          <Unicode>mes, elles ont aussi contribué à supprimer des centaines de</Unicode>
        </TextEquiv>
      </TextLine>

    
    
      <TextLine id="eSc_line_227697" >
        <Coords points="264,1890 270,1864 305,1849 313,1858 354,1851 366,1864 398,1866 416,1853 454,1864 469,1879 499,1862 561,1860 576,1868 695,1875 725,1864 748,1885 770,1866 785,1875 825,1864 870,1879 891,1873 932,1900 949,1898 981,1873 1024,1896 1043,1881 1147,1885 1166,1894 1222,1881 1254,1898 1282,1879 1309,1894 1376,1888 1397,1907 1414,1892 1467,1894 1489,1913 1514,1896 1561,1902 1580,1894 1608,1905 1636,1890 1657,1926 1651,1956 1619,1964 1555,1952 1510,1956 1484,1937 1461,1958 1435,1947 1422,1958 1393,1937 1378,1949 1348,1945 1331,1956 1318,1945 1305,1952 1271,1941 1254,1926 1201,1949 1162,1920 1122,1945 1094,1932 1073,1947 1026,1922 972,1943 940,1913 917,1930 846,1926 821,1937 802,1924 761,1926 746,1917 729,1926 706,1913 684,1926 548,1922 518,1911 505,1920 462,1913 398,1922 277,1911 268,1902"/>
        <Baseline points="266,1892 332,1892 396,1898 697,1896 736,1898 768,1907 964,1905 1019,1911 1096,1911 1117,1915 1198,1915 1226,1911 1256,1922 1331,1924 1408,1924 1457,1930 1480,1932 1659,1928"/>
        <TextEquiv>
          <Unicode>millions d&#39;enfants à naître. La carte que voici est claire;</Unicode>
        </TextEquiv>
      </TextLine>

    
    
      <TextLine id="eSc_line_227789" >
        <Coords points="977,1864 979,1849 1036,1864 1062,1849 1088,1862 1100,1853 1109,1862 1154,1860 1166,1870 1160,1890 1056,1888 1038,1875 1021,1892 1011,1883 998,1888 979,1868"/>
        <Baseline points="979,1866 1168,1872"/>
        <TextEquiv>
          <Unicode>Le tableau</Unicode>
        </TextEquiv>
      </TextLine>

    
    
      <TextLine id="eSc_line_227696" >
        <Coords points="262,1969 266,1939 294,1915 322,1915 375,1939 426,1945 456,1934 473,1945 509,1934 522,1945 552,1947 565,1937 599,1947 637,1939 659,1947 672,1939 725,1964 750,1941 774,1956 808,1945 829,1960 870,1954 904,1975 936,1952 989,1960 1032,1947 1068,1973 1122,1958 1156,1973 1186,1962 1245,1977 1265,1962 1384,1979 1422,1966 1433,1979 1553,1977 1568,1986 1589,1975 1693,1975 1732,1981 1736,2007 1730,2026 1670,2052 1617,2026 1600,2037 1570,2024 1536,2039 1504,2016 1469,2035 1429,2026 1420,2035 1395,2018 1316,2018 1303,2028 1290,2018 1277,2026 1250,2005 1198,2030 1156,2005 1092,2018 1066,1994 1051,2005 1002,2011 928,2007 915,1998 889,2022 868,2005 746,2003 727,1992 714,2001 654,1994 612,2013 586,1990 552,2001 480,1994 467,2003 392,1996 375,1981 345,2003 266,1990"/>
        <Baseline points="264,1971 349,1971 384,1975 646,1975 710,1981 731,1984 1036,1981 1058,1992 1154,1990 1209,1992 1290,2001 1382,1998 1553,2009 1738,2009"/>
        <TextEquiv>
          <Unicode>il/elle rappelle qu’en France, tandis que les Etats-Unis et l&#39;Alle-</Unicode>
        </TextEquiv>
      </TextLine>

    
    
      <TextLine id="eSc_line_227698" >
        <Coords points="256,2043 258,2024 290,2011 320,2020 379,2016 398,2028 465,2013 486,2026 499,2018 620,2022 637,2013 654,2026 731,2022 768,2037 782,2024 825,2028 844,2018 859,2030 870,2022 930,2022 940,2030 987,2011 1024,2045 1047,2026 1088,2048 1107,2030 1143,2035 1160,2048 1179,2030 1194,2041 1209,2028 1224,2043 1252,2039 1269,2052 1316,2043 1329,2030 1354,2050 1414,2054 1435,2065 1467,2050 1553,2058 1565,2069 1585,2058 1698,2050 1713,2080 1704,2107 1467,2103 1454,2092 1427,2105 1322,2101 1275,2088 1207,2099 1160,2080 1120,2086 1090,2075 1053,2090 1021,2071 992,2094 970,2094 953,2080 780,2082 763,2067 744,2080 674,2080 650,2065 640,2073 567,2077 509,2073 494,2062 477,2073 418,2071 396,2058 326,2077 260,2056"/>
        <Baseline points="256,2045 379,2045 482,2052 708,2050 778,2060 1032,2060 1111,2069 1265,2067 1307,2072 1480,2075 1610,2086 1715,2082"/>
        <TextEquiv>
          <Unicode>magne ont doublé leur population en un demi-siècle, sans parler</Unicode>
        </TextEquiv>
      </TextLine>

    
    
      <TextLine id="eSc_line_227702" >
        <Coords points="91,2254 100,2180 149,2227 215,2235 281,2225 296,2237 322,2218 337,2233 345,2225 354,2233 392,2227 413,2248 435,2233 471,2235 486,2220 499,2231 512,2222 526,2237 569,2244 610,2244 644,2229 654,2240 693,2237 708,2250 736,2242 795,2246 810,2233 855,2252 883,2248 900,2233 921,2250 983,2244 1009,2257 1036,2242 1085,2244 1096,2252 1132,2242 1198,2286 1188,2316 1077,2308 1045,2318 1034,2306 962,2312 945,2304 900,2327 883,2325 844,2295 825,2306 808,2301 785,2323 765,2314 750,2323 716,2299 669,2316 644,2297 622,2304 610,2293 590,2308 475,2291 462,2299 428,2297 411,2286 371,2297 343,2280 326,2293 288,2284 264,2297 230,2286 157,2291 140,2278 108,2284 93,2272"/>
        <Baseline points="93,2256 200,2265 497,2274 727,2274 972,2284 1200,2287"/>
        <TextEquiv>
          <Unicode>à Monsieur le Président Nicholas Murray BUTLER.</Unicode>
        </TextEquiv>
      </TextLine>

    
    </TextRegion>
    
  </Page>
</PcGts>
