1920 2560
960 29 1109 110 - 2 -
277 170 1819 288 De très bonne foi et d'un élan magnifiquement désintéressé, vos
273 260 1862 377 compatriotes ont offert à la France leur secours personnel, moral
262 341 1809 460 et matériel pendant la guerre. Ils ne demandaient par la suite
275 426 1794 548 qu’à nous fournir les moyens de panser nos plaies. Leur inter-
256 512 1777 627 vention fraternelle ne devait pas finir avec la guerre mais se
251 593 1751 714 prolonger bien au-delà. Ils voulaient notamment nous laisser
256 672 1770 802 leurs stocks disponibles, énormes, de machines, de rails et de
258 761 1811 878 produits de toutes sortes. Au lieu de les encourager dans cette
266 842 1764 960 voie et de les remercier,on a préféré discuter avec eux, comme
256 923 1772 1060 avec des marchands, et répondre par la plus sordide défiance à
256 1004 524 1085 leur offre.
678 1098 1849 1224 Résultat : nos deux pays assistent impuissants aux
273 1162 1794 1297 discussions interminables et envenimées de leurs deux administra-
243 1243 1785 1378 t/ions et nos populations françaises, si économes, si soigneuses,
245 1324 1777 1459 voient avec indignation pourrir sur place, sous la pluie et sous
256 1399 1728 1533 le soleil, depuis des mois, tout ce qui leur manque et tout ce
270 1480 1760 1612 que les Américains n'ont pas le droit de leur donner ni même de
245 1561 1751 1700 leur vendre, de peur de soulever quelques mécontentements de nos
256 1636 1813 1777 commerçants. Embarrassé par ce spectacle, le Gouvernement français
247 1715 1732 1849 se disculpe en accusant ou en faisant accuser les Américains de
256 1785 1736 1928 manquer de bonne volonté, et le public en peut conclure naturel-
243 1868 1696 2016 lement que les Américains ont cessé d'être nos amis puisqu’ils
219 1964 1190 2090 nous refusent les moyens de vivre !! ....
