1920 2560
872 74 1021 147 - 2 -
172 251 1730 364 d'être à peu près seul pour tout ce qui concerne la direction de
168 347 1721 448 mon parti. Je ne tiens pas à être un chef, mais je suis obligé
168 422 1728 544 d'être un guide. La fête, favorisée par le temps magnifique que
170 514 1666 610 nous avons eu tout cet été, a beaucoup ému la population. Je
160 601 1725 710 vous signale c/ette impression parce qu’elle est, pour l’avenir,
166 680 1783 806 d'un très bon augure. S’il est vrai, ici plus que partout ailleurs,
177 765 1768 874 que nul n'est prophète dans son pays, je constate que ma situation
168 846 1730 962 politique à Clermont-Créans, et à plus forte raison au-delà, est
172 932 1777 1053 bien meilleure que je ne pensais.- C’est également l’impression que
168 1011 1642 1122 je rapporte de chacune de mes visites en automobile dans bon
151 1096 1706 1211 nombre de localistés de la région, que j'avais dû négliger pendant
170 1179 1689 1294 cette longue guerre, et où je reçois un aussi bon accueil qu’aux
168 1256 1696 1382 Etats-Unis. C'est tout vous dire !!! Nous sommes loin des pre-
153 1329 1700 1465 mières semaines de la guerre. Puissè-je avoir le plaisir de vous
155 1414 1721 1546 recevoir de nouveau, avec votre famille, comme par le passé, l'éte
145 1497 1307 1610 prochain et à Créans et à la Mairie de Clermont.
947 1640 1642 1753 Votre affectueusement dévoué,
1102 1700 1384 1866 ££
19 1834 1126 1964 à Monsieur le Président Nicholas Murray BUTLER,
497 1932 729 2026 NEW-YORK.
27 2269 236 2350 1 annexe.
