1920 2560
906 142 1062 256 - 3 -
305 268 1809 411 l'éducation. Il y a aussi la question des moeurs, des traditions
290 358 1772 492 les plus respectables. Il y a aussi la question des lois. Le
296 435 1755 580 plus simple est décidément de ne pas compter sur le lendemain
315 520 1312 633 et de vivre dans l'égoïsme, seul ou à deux.
676 612 1698 727 Malgré tout, il arrive parfois une naissance
296 676 1666 810 gênante, imprévue. Et alors quelles complications ! Trop
296 759 1772 900 heureux l'enfant s’il survit au désagrément de cette surprise.
678 855 1698 981 Je vous ai cité le cas de cette femme de ma
298 925 1632 1060 commune faisant tranquillement inscrire à la mairie son
281 1015 1760 1149 enfant nouveau-né, sous le nom de son mari prisonnier en Alle-
279 1098 1751 1233 magne depuis trois ans !!! Je demandais hier de ses nouvelles
288 1162 1655 1309 à mon secrétaire de mairie. Réponse: elle a eu un second
288 1239 1657 1393 enfant, et on est tenté de dire que c’est bien heureux pour
262 1320 1704 1472 la France, mais il portera, lui aussi, le nom du mari absent.
277 1405 1702 1572 C'est la loi. Voici mieux encore. Un de me administrés des
262 1484 1696 1642 plus respectables, disons Martin, est toujours sans nouvelles
277 1559 1585 1706 de son fils, soldat, porté disparu depuis le début de la
264 1642 1634 1785 guerre, et marié. La jeune femme, fille d’un autre de mes
264 1717 1700 1862 administrés, non moins honorable, disons Barbé,- a fini par se
256 1804 1666 1939 lasser d'être seule, et peut-on le lui reprocher ? Elle est
247 1873 1730 2020 devenue mère des œuvres d’une sorte de vagabond hommé Bouffard.
262 1952 1553 2086 Aussitôt après l'accouchement, le père de Martin accourt
251 2028 1704 2169 indigné, à la mairie, avec le père de la jeune femme, tous deux
256 2109 1708 2250 en deuil. Tous deux demandent qu'on n’aggrave pas leur malheur
