1920 2560
501 2 1126 98 ££ ££ ££ ££ ££
832 72 1335 187 (££ ££ ££ ££ ££)
1376 49 1755 157 ££ ££ ££ ££
1478 123 1644 196 ££ ££
228 142 343 251 AT
435 390 1437 494 Voeu de Mr. d'ESTOURNELLES de CONSTANT ,
236 469 1614 588 CONCERNANT L'INSUFFISANCE DE NOS MOYENS DE TRANSPORT ET
418 563 1420 676 LES NEGLICENCES DE NOTRE ADMINISTRATION.
1045 904 1290 992 Messieurs,
629 1051 1770 1139 En dépit de la libération de l'Alsace-Lorraine
221 1132 1779 1237 et de l'écrasement de l'autocratie militaire prussienne, le len-
228 1216 1742 1335 demain de notre victoire menace d'être pour la France une grave
230 1294 1725 1397 déception, à beaucoup de points de vue. Je ne parle pas de ce
219 1384 1706 1504 que nous avons perdu, ni des impôts qui nous attendent, ni de
230 1459 1762 1570 l'élévation du prix des salaires, des matériaux, de toute la vie
224 1546 1691 1649 enfin ; je constate seulement que la production nationale est
213 1621 1774 1730 paralysée ; le désordre au temps de guerre survit à la guerre ; la
211 1702 1723 1809 coopération entre les pouvoirs publics et la population tarde à
221 1781 1734 1892 s'établir ; le commerce ne reprend pas. Nous avons commencé par
221 1860 1772 1962 accuser trop facilement nos Alliés d'être la cause de tout le mal;
226 1934 1728 2041 ils sont rentrés chez eux aussi mécontents que nous-mêmes et le
219 2013 1717 2124 mal s'est naturellement aggravé. Le Gouvernement s’efforce, il
230 2088 1715 2195 est vrai, de réagir et je ne lui attribue pas toutes les respon-
219 2154 1760 2265 sabilités ; je crois au contraire qu’un changement de gouvernement
219 2229 1674 2344 est insignifiant, si nous ne changeons pas nous-mêmes, par une
221 2304 1361 2404 vigilance incessante, nos mœurs administratives.
