1920 2560
768 38 932 168 - 6 -
104 170 1728 283 d’autrefois transmise à notre ravissement par le génie d'un poète
106 273 1674 362 et d'un peintre. Ce que je sais bien nettement, c’est qu’elle
104 356 1708 456 portait le nom du Duc de Marlborough et que je l’ai vue reine de
110 441 1646 535 ce palais aujourd’hui démeublé mais riche encore de son archi-
113 518 1753 622 tecture victorieuse, de ses décorations du dix-septième siècle.....
119 616 1627 708 Quelle influence ont exercé, en Angleterre et dans toutes les
113 701 1632 791 Cours, les femmes sur la politique, sur la paix et la guerre !
128 787 1715 881 Combien de fois ai-je pensé qu’il fallait au luxe britannique non
123 870 1730 970 pas seulement de généreuses révoltes contre l’ambition des conqué-
130 949 1659 1058 rants/européens, mais un jour ou l’autre une ambition non moins
386 1013 456 1058 et
110 1034 1760 1141 impérialiste dévorante. Et quel plus grand luxe au monde que celui
128 1113 1728 1226 d’une femme anglaise à la mode! C’est un luge auquel les démocra-
115 1201 1755 1309 ties ne craignent pas maintenant d’aspirer. Sans parler des Améri-
113 1286 1751 1395 caines, les belles Anglaises, en tous cas, ne voudront jamais d’une
113 1371 1715 1484 vie simple ; il leur faut la domination. Elles abandonneront des
113 1452 1354 1570 palais, mais pour les échanger contre des Empires.
625 1723 1734 1838 Malgré tout, c'est un signe des temps de voir
121 1802 1774 1915 l'aristocratie anglaise loger la Société des Nations, s'y intéresser,
104 1890 1706 2001 et le très noble Lord Robert Cecil, avec Lord Grey, lui servir de
106 1975 1717 2080 parrains. Comprendront-ils qu'elle doit vivre dans l’indépendance
104 2048 1666 2152 ou ne pas vivre ? Appartenir à tout le monde et non à eux seuls
115 2133 1806 2246 ou à eux surtout. Renonceront-ils à leur tendance à tout insulariser ?
