1920 2560
896 72 1032 155 - 5 -
228 221 1789 343 beaucoup plus que nous nous servons en France de la bicyclette:
232 315 1815 428 chacun a, pour ainsi dire, son automobile et en ville et surtout
230 396 1794 514 à la campagne, jusque dans les moindres fermes. Une automobile
232 492 1745 595 ordinaire ne coûte en effet pas plus de deux ou trois fois le
236 580 1753 682 prix d'une bicyclette, aux Etats-Unis ; 2.00 à 3.000 francs.
247 663 1836 768 Cela était vrai déjà il y a dix ans, mais cela est bien plus vrai
247 748 1764 853 aujourd'hui. J'arrive d'Amérique ; les automobiles se suivent
247 840 1826 942 et se croisent sans interruption sur toutes les routes ; c’est un
256 921 1719 1017 double courant ininterrompu, bien que les routes américaines
699 981 761 1030 de
262 1004 1836 1100 soient inférieures X beaucoup à ce qu'étaient les nôtres avant la
266 1092 1734 1188 guerre. J'ai voulu faire la comparaison à mon retour. J'ai
270 1169 1764 1271 fait en automobile la route de Paris à La Flèche ; je n'ai pas
260 1252 1732 1354 croisé 20 automobiles sur tout le Parcours (250 km). Partout
256 1337 1824 1440 j’ai trouvé nos auberges, jadis si fréquentées, à peu près déser-
256 1418 1625 1529 tes ; ni automobiles, ni voitures, ni pour ainsi dire de
249 1499 541 1587 population.
729 1585 1806 1668 Un officier Américain en garnison sur la rive
266 1657 1836 1760 gauche du Rhin faisait cette observation qui en dit long ; j'ai vu
281 1742 1753 1851 plus d’enfants ici, pendant une semaine, qu’en France pendant
275 1819 661 1911 toute une année.
736 1883 1760 2005 S'il en est ainsi, il importe de/rétablir en
275 1971 1002 2065 France une circulation intense.
744 2045 1821 2139 Nous n’avons plus d’automobiles ; elles ont été
270 2120 1768 2197 réquisitionnées pour l’armée, et nous ne pouvons en commander de
