<?xml version="1.0" encoding="UTF-8"  standalone="yes"?>
<PcGts xmlns="http://schema.primaresearch.org/PAGE/gts/pagecontent/2019-07-15" xmlns:xsi="http://www.w3.org/2001/XMLSchema-instance" xsi:schemaLocation="http://schema.primaresearch.org/PAGE/gts/pagecontent/2019-07-15 http://schema.primaresearch.org/PAGE/gts/pagecontent/2019-07-15/pagecontent.xsd">
  <Metadata>
	<Creator>escriptorium</Creator>
	<Created>2021-03-18T09:47:09.613097+00:00</Created>
    <LastChange>2021-03-18T09:47:09.613119+00:00</LastChange>
  </Metadata>
  <Page imageFilename="P1190705.JPG" imageWidth="1920" imageHeight="2560">

    

    
    <TextRegion id="eSc_dummyblock_">
    
    
      <TextLine id="eSc_line_227905" >
        <Coords points="902,98 904,66 917,64 934,78 964,55 987,70 1017,68 1038,93 1034,138 987,108 966,132 932,110 919,121 904,113"/>
        <Baseline points="902,98 1038,93"/>
        <TextEquiv>
          <Unicode>- 3 -</Unicode>
        </TextEquiv>
      </TextLine>

    
    
      <TextLine id="eSc_line_227906" >
        <Coords points="578,247 588,209 676,217 686,206 708,217 725,206 746,224 795,224 825,198 840,209 855,194 868,206 878,202 889,215 921,217 932,228 955,230 1011,213 1026,228 1064,226 1081,241 1105,224 1120,232 1130,221 1179,232 1220,224 1233,238 1275,226 1290,234 1324,209 1344,224 1356,215 1376,234 1420,226 1433,236 1452,228 1476,234 1499,221 1559,236 1612,217 1653,243 1687,226 1742,268 1736,288 1700,302 1655,277 1627,294 1574,288 1561,273 1540,288 1499,281 1450,296 1380,288 1356,290 1344,302 1320,279 1307,292 1230,296 1201,277 1171,290 1096,288 1079,277 1062,294 979,279 787,279 774,292 757,277 721,268 644,279 580,273"/>
        <Baseline points="578,247 642,247 689,251 761,249 823,256 868,253 962,260 1109,258 1452,264 1501,268 1713,266 1742,268"/>
        <TextEquiv>
          <Unicode>Notre administration aura beau inaugurer des mo-</Unicode>
        </TextEquiv>
      </TextLine>

    
    
      <TextLine id="eSc_line_227907" >
        <Coords points="224,320 236,285 309,294 326,283 343,292 356,281 384,292 443,285 450,294 471,288 482,296 522,288 535,298 569,285 582,296 605,288 635,305 672,296 704,317 768,294 806,309 896,302 962,324 983,307 1019,311 1058,300 1090,317 1207,315 1226,307 1241,320 1271,315 1286,326 1318,305 1337,317 1369,309 1418,330 1448,311 1472,315 1486,307 1536,320 1561,305 1574,315 1606,313 1632,326 1691,309 1725,326 1762,315 1789,332 1798,328 1804,352 1798,384 1787,390 1732,379 1672,388 1634,364 1559,377 1536,371 1514,381 1476,371 1395,381 1350,371 1322,379 1292,358 1271,375 1222,384 1169,373 1147,358 1068,381 1045,364 1000,373 962,358 928,375 891,354 878,364 840,356 782,371 723,349 699,369 678,358 659,366 644,356 563,360 550,352 494,356 462,369 416,345 317,354 273,345 228,360"/>
        <Baseline points="226,320 283,317 471,328 569,326 631,334 791,334 872,343 1196,343 1305,349 1484,356 1506,352 1806,354"/>
        <TextEquiv>
          <Unicode>numents expiatoires, elle n&#39;en est pas moins très coupable d’avoir</Unicode>
        </TextEquiv>
      </TextLine>

    
    
      <TextLine id="eSc_line_227908" >
        <Coords points="226,403 236,360 270,377 285,369 343,377 369,362 416,379 433,369 448,381 490,384 505,371 518,381 541,381 561,398 588,379 629,384 646,396 667,381 763,392 814,390 827,379 849,396 893,384 906,394 962,386 981,405 1017,388 1105,403 1149,381 1186,401 1209,398 1233,416 1262,396 1324,405 1335,396 1433,401 1444,392 1506,403 1568,396 1612,411 1644,390 1683,407 1755,409 1772,433 1766,462 1751,467 1666,458 1623,465 1604,450 1587,462 1559,454 1523,467 1510,456 1495,462 1472,454 1440,471 1422,456 1354,456 1337,465 1322,454 1297,465 1241,452 1218,469 1190,454 1154,450 1126,460 1105,448 1083,462 1068,454 1021,460 1002,452 979,460 953,448 917,462 891,448 861,454 842,441 797,445 776,460 748,443 650,437 612,452 571,441 548,450 526,439 462,445 422,433 405,437 381,420 339,435 230,433"/>
        <Baseline points="228,405 307,403 499,413 601,411 625,413 718,420 915,420 1043,426 1064,430 1548,428 1664,439 1774,435"/>
        <TextEquiv>
          <Unicode>laissé aigrir, ou d’avoir aigri elle-même, l’enthousiasme franco-</Unicode>
        </TextEquiv>
      </TextLine>

    
    
      <TextLine id="eSc_line_227909" >
        <Coords points="209,482 230,454 296,445 315,456 360,452 390,465 411,452 486,492 524,460 588,465 599,473 669,469 680,460 708,471 821,462 832,473 849,462 893,469 913,486 955,467 970,473 996,465 1019,475 1062,475 1079,488 1100,475 1111,484 1154,484 1164,475 1241,484 1309,471 1354,488 1365,484 1393,507 1429,480 1482,477 1531,492 1582,473 1623,497 1661,484 1704,490 1715,514 1708,544 1666,541 1646,554 1625,537 1608,544 1582,531 1561,544 1529,529 1508,546 1435,539 1399,516 1367,544 1280,537 1265,546 1228,535 1117,544 1092,539 1073,522 1045,537 992,531 968,539 955,529 934,537 915,522 851,524 838,533 819,516 789,529 763,512 746,526 731,522 721,531 612,518 535,531 494,497 462,522 275,509 243,518 213,497"/>
        <Baseline points="211,484 243,490 317,486 343,490 433,488 505,499 738,497 768,505 842,507 1073,505 1124,507 1177,516 1574,514 1717,516"/>
        <TextEquiv>
          <Unicode>américain. Son excuse n&#39;est qu&#39;une aggravation. Elle n’a pas</Unicode>
        </TextEquiv>
      </TextLine>

    
    
      <TextLine id="eSc_line_227910" >
        <Coords points="215,567 236,539 328,544 352,533 428,567 475,531 512,546 535,537 565,556 618,537 637,552 691,541 718,563 731,552 791,548 812,569 832,556 906,561 960,550 1002,571 1034,554 1056,554 1081,571 1102,558 1252,571 1269,561 1299,567 1316,558 1335,571 1414,565 1433,580 1450,567 1518,558 1576,571 1704,569 1738,582 1742,614 1734,642 1713,631 1655,627 1625,640 1606,625 1570,620 1482,633 1469,625 1450,640 1427,618 1408,629 1378,620 1358,629 1339,612 1316,627 1186,620 1171,631 1143,618 1113,618 1100,629 1077,612 1013,612 989,631 970,614 930,622 904,614 889,627 855,608 827,612 814,601 789,616 757,610 736,625 704,605 657,616 629,599 595,612 573,597 546,614 524,603 490,610 445,580 409,608 330,597 307,610 281,595 266,605 219,586"/>
        <Baseline points="217,569 384,576 405,573 514,584 812,582 870,590 1098,590 1213,597 1326,597 1356,601 1745,616"/>
        <TextEquiv>
          <Unicode>compris. Elle n&#39;est pas capable de comprendre cet enthousiasme,</Unicode>
        </TextEquiv>
      </TextLine>

    
    
      <TextLine id="eSc_line_227911" >
        <Coords points="217,650 221,616 241,625 292,620 309,631 379,616 430,635 445,627 565,629 578,618 620,640 652,622 680,633 701,625 716,635 755,631 772,642 800,629 829,644 872,631 913,640 945,627 1009,648 1058,637 1126,650 1145,633 1205,667 1228,650 1277,644 1316,650 1331,663 1354,648 1452,650 1480,663 1506,644 1542,654 1619,648 1698,657 1734,684 1723,725 1636,706 1553,721 1525,706 1495,710 1478,697 1429,712 1399,701 1378,714 1331,693 1318,704 1269,708 1211,701 1198,712 1132,701 1090,714 1073,701 1045,714 1000,684 970,704 945,693 925,701 874,693 829,697 817,708 778,691 748,706 725,686 686,693 669,678 644,691 618,680 593,695 535,684 505,695 490,684 471,697 428,672 411,684 345,682 334,691 307,676 292,686 266,676 228,691 221,684"/>
        <Baseline points="219,652 341,657 584,659 616,665 665,665 710,669 974,667 1056,678 1371,676 1418,682 1561,686 1736,686"/>
        <TextEquiv>
          <Unicode>pas plus qu’elle n&#39;aurait jamais compris, sans notre impulsion,</Unicode>
        </TextEquiv>
      </TextLine>

    
    
      <TextLine id="eSc_line_227912" >
        <Coords points="217,736 221,712 243,701 339,701 358,716 373,704 422,716 456,704 480,718 494,704 509,712 601,706 631,729 661,708 708,723 736,704 750,714 795,708 823,718 834,710 861,723 908,716 932,729 972,714 998,736 1015,721 1047,718 1098,731 1120,718 1132,729 1166,716 1179,727 1196,716 1222,738 1254,727 1284,740 1329,725 1341,736 1361,731 1382,748 1403,729 1465,736 1478,727 1501,742 1538,729 1602,733 1638,757 1632,791 1619,797 1600,789 1563,802 1542,789 1521,802 1497,785 1472,797 1448,787 1410,797 1380,772 1358,791 1303,791 1282,780 1239,800 1207,778 1132,804 1102,789 1062,785 1041,802 996,774 942,780 928,768 900,793 870,795 846,774 834,785 821,774 763,776 750,785 723,768 672,780 637,763 608,774 599,765 522,768 482,755 456,772 430,759 403,770 377,765 358,748 302,770 273,753 232,763 221,753"/>
        <Baseline points="219,736 388,736 712,744 782,755 1060,753 1130,755 1186,763 1640,759"/>
        <TextEquiv>
          <Unicode>avant la g/uerre, le bienfait de l’amitié de nos deux pays.</Unicode>
        </TextEquiv>
      </TextLine>

    
    
      <TextLine id="eSc_line_227913" >
        <Coords points="204,793 209,782 226,782 266,755 317,780 360,750 381,776 424,761 445,776 482,761 512,776 565,763 593,793 633,765 659,793 680,776 723,793 821,776 859,787 870,800 906,793 917,823 910,857 898,844 874,842 821,887 782,844 740,870 708,836 689,846 661,834 650,842 631,821 601,821 582,834 548,817 531,819 518,806 475,825 407,817 396,827 381,819 358,834 330,827 313,842 290,821 260,814 228,825 206,810"/>
        <Baseline points="206,794 857,821 919,825"/>
        <TextEquiv>
          <Unicode>££ ££ ££ ££ ££</Unicode>
        </TextEquiv>
      </TextLine>

    
    
      <TextLine id="eSc_line_227918" >
        <Coords points="989,951 992,917 1051,923 1077,906 1117,934 1128,923 1152,930 1164,917 1179,925 1201,921 1211,932 1267,930 1288,917 1305,934 1341,928 1358,936 1382,936 1393,925 1429,932 1442,919 1457,934 1489,930 1516,945 1533,930 1563,923 1593,938 1681,928 1696,964 1689,1006 1666,1006 1653,994 1561,992 1548,1000 1540,992 1525,1002 1493,992 1472,1009 1412,983 1397,994 1384,983 1356,994 1337,985 1224,989 1211,977 1171,998 1145,983 1120,983 1083,1002 1056,977 1028,974 1006,985 992,979"/>
        <Baseline points="989,951 1028,949 1145,960 1429,957 1457,962 1610,968 1696,964"/>
        <TextEquiv>
          <Unicode>Votre aff/ectueusement dévoué,</Unicode>
        </TextEquiv>
      </TextLine>

    
    
      <TextLine id="eSc_line_227915" >
        <Coords points="928,1066 932,1009 964,1004 974,1013 1026,977 1077,1028 1113,996 1177,1053 1203,1043 1233,1058 1252,1043 1267,1053 1282,1043 1318,1053 1344,1034 1358,1049 1386,1024 1418,1056 1474,1028 1499,1049 1542,1030 1587,1056 1625,1038 1668,1073 1659,1102 1621,1100 1602,1120 1585,1111 1565,1130 1546,1113 1527,1126 1501,1113 1489,1117 1437,1083 1393,1111 1365,1092 1329,1117 1288,1088 1260,1100 1243,1085 1228,1098 1179,1085 1139,1115 1081,1077 1060,1098 1034,1092 1009,1113 964,1073 930,1107"/>
        <Baseline points="928,1066 1324,1066 1388,1073 1448,1068 1538,1068 1559,1073 1668,1073"/>
        <TextEquiv>
          <Unicode>££ ££ ££</Unicode>
        </TextEquiv>
      </TextLine>

    
    
      <TextLine id="eSc_line_227916" >
        <Coords points="70,1320 87,1286 125,1275 142,1275 160,1292 192,1286 206,1303 264,1299 279,1286 309,1301 356,1269 396,1312 426,1301 460,1303 471,1292 494,1303 520,1292 531,1305 593,1312 612,1299 633,1314 644,1305 672,1307 682,1297 693,1307 725,1297 742,1312 780,1303 810,1316 821,1305 851,1318 972,1309 1002,1290 1021,1309 1043,1297 1066,1312 1100,1299 1132,1320 1156,1314 1190,1341 1184,1382 1169,1390 1147,1376 1107,1376 1092,1384 1064,1378 1051,1390 1032,1378 1011,1390 994,1382 972,1393 951,1371 885,1382 844,1363 821,1384 778,1369 750,1382 716,1369 697,1388 633,1352 601,1382 556,1363 512,1365 490,1378 462,1356 426,1367 394,1354 324,1408 285,1380 270,1376 262,1384 230,1354 202,1363 157,1352 134,1376 115,1369 72,1403"/>
        <Baseline points="70,1320 202,1326 253,1324 369,1335 629,1333 804,1341 1098,1341 1141,1346 1190,1341"/>
        <TextEquiv>
          <Unicode>à Monsieur le Président Nicholas Murray BUTLER,</Unicode>
        </TextEquiv>
      </TextLine>

    
    
      <TextLine id="eSc_line_227917" >
        <Coords points="569,1408 573,1388 588,1380 652,1382 665,1390 680,1382 763,1388 808,1416 757,1467 738,1457 708,1474 689,1454 635,1467 599,1452 571,1467"/>
        <Baseline points="569,1408 808,1416"/>
        <TextEquiv>
          <Unicode>NEW-YORK.</Unicode>
        </TextEquiv>
      </TextLine>

    
    </TextRegion>
    
  </Page>
</PcGts>
