1920 2560
885 72 1045 174 - 6 -
198 185 1789 352 nouvelles à la fabrication française qu’à de très hauts prix et
189 288 1821 450 moyennant de longs délais. En attendant, toute l'activité fran-
194 381 1817 541 çaise immobilisée voudrait se jeter sur le stock des automobiles,
206 467 1768 618 des tracteurs et des motocyclettes que les Américains laissent
211 561 1809 699 en France par centaines de mille. Les Américains ne demandaient
202 642 1847 804 qu’à nous céder ce stock ; mais le Gouvernement français a dà pren-
196 733 1749 881 dre en considération l'intéret de la fabrication française et,
194 825 1819 972 pour ne pas la submerger sous l'énorme afflux d’une concurrence à
202 906 1742 1068 bas prix, il s’est réservé le monopole de la vente de tous les
209 987 736 1100 véhicules américains.
608 1096 1828 1239 Cette décision remonte à plus de deux mois. Depuis
196 1158 1736 1307 cette époque, qu’avons-nous vu dans toute la France et particu-
217 1243 1800 1410 lièrement dans la Sarthe ? Nous avons vu les automobiles, comme
187 1324 1710 1491 nous avons vu les aéroplanes, entassés au rebut, en plein air,
185 1410 1706 1572 pour le plus grand nombre, à la pluie, au soleil et à tous les
192 1495 1674 1655 vents ; nous pouvons les voir encore dans cet état lamentable
185 1574 379 1668 au Mans.
586 1674 1717 1819 Elles ont perdu ainsi les trois quarts de leur
179 1730 1728 1888 valeur ; de telle sorte qu'on peut en parler aujourd’hui comme il
168 1819 1777 1975 est de mode de parler des Américains eux-mêmes, avec dédain ; comme
162 1885 1666 2041 si elles n’avaient jamais rien valu ; on nous objecte qu’elles
168 1977 1591 2126 sont très inférieures aux automobiles françaises ; qu’elles
168 2041 1638 2210 consomment beaucoup trop d’essence et de pneus ; qu’on n’a pas
164 2122 1757 2293 su les pourvoir des pièces de rechange nécessaires et qu’enfin elle
153 2203 1032 2314 ne sont que des machines d'occasion.
