<?xml version="1.0" encoding="UTF-8"  standalone="yes"?>
<PcGts xmlns="http://schema.primaresearch.org/PAGE/gts/pagecontent/2019-07-15" xmlns:xsi="http://www.w3.org/2001/XMLSchema-instance" xsi:schemaLocation="http://schema.primaresearch.org/PAGE/gts/pagecontent/2019-07-15 http://schema.primaresearch.org/PAGE/gts/pagecontent/2019-07-15/pagecontent.xsd">
  <Metadata>
	<Creator>escriptorium</Creator>
	<Created>2021-03-18T09:47:09.389027+00:00</Created>
    <LastChange>2021-03-18T09:47:09.389048+00:00</LastChange>
  </Metadata>
  <Page imageFilename="P1190687.JPG" imageWidth="1920" imageHeight="2560">

    

    
    <TextRegion id="eSc_dummyblock_">
    
    
      <TextLine id="eSc_line_228270" >
        <Coords points="966,98 970,66 1009,81 1041,51 1066,74 1085,64 1102,76 1102,115 1081,128 1058,113 1030,134 1002,110 970,115"/>
        <Baseline points="966,98 1107,98"/>
        <TextEquiv>
          <Unicode>- 3 -</Unicode>
        </TextEquiv>
      </TextLine>

    
    
      <TextLine id="eSc_line_228271" >
        <Coords points="266,236 268,202 294,181 317,200 371,217 403,198 420,204 462,192 486,209 531,206 544,217 571,209 605,215 620,202 669,213 686,202 697,211 759,215 789,236 810,221 859,234 878,224 951,219 1030,228 1062,213 1083,232 1128,215 1149,232 1194,234 1218,221 1230,234 1254,232 1269,243 1303,224 1333,232 1358,217 1378,228 1403,211 1465,236 1486,219 1563,217 1585,202 1610,219 1655,211 1706,245 1745,215 1768,232 1774,258 1764,292 1721,288 1708,277 1687,292 1651,277 1580,273 1533,285 1518,277 1489,283 1472,270 1442,290 1412,279 1346,288 1292,288 1275,279 1239,298 1213,285 1100,294 1077,279 1000,283 981,270 962,283 896,283 868,266 825,283 789,268 778,277 718,273 680,283 657,268 637,281 618,268 573,277 546,253 533,264 490,268 373,251 317,270 285,268 270,281"/>
        <Baseline points="267,237 450,243 603,238 659,247 733,251 898,249 947,256 1051,260 1363,258 1777,260"/>
        <TextEquiv>
          <Unicode>plus nobles quartiers du West End (Curzon Street, Mayfair), où</Unicode>
        </TextEquiv>
      </TextLine>

    
    
      <TextLine id="eSc_line_228272" >
        <Coords points="268,313 277,283 328,298 343,288 411,288 430,277 486,294 507,288 522,298 573,283 622,300 663,292 800,307 814,296 853,302 866,294 881,307 910,309 930,294 945,307 960,300 1011,315 1024,305 1237,315 1277,313 1301,300 1335,332 1356,313 1433,307 1442,315 1461,302 1501,309 1529,296 1568,315 1587,298 1629,302 1664,322 1681,309 1717,311 1734,322 1738,343 1730,369 1683,366 1668,356 1642,371 1625,360 1568,354 1474,371 1442,358 1378,369 1344,360 1322,379 1292,366 1271,377 1179,377 1164,362 1156,371 1021,375 1002,360 968,369 960,360 910,366 900,358 885,366 872,358 840,369 829,358 780,364 674,356 644,366 633,356 582,347 526,354 507,345 403,341 273,347"/>
        <Baseline points="270,315 501,320 548,328 701,332 1002,334 1043,341 1128,345 1378,345 1401,341 1491,339 1617,345 1740,345"/>
        <TextEquiv>
          <Unicode>le souffle révolutionnaire n’a jamais passé, non loin des om-</Unicode>
        </TextEquiv>
      </TextLine>

    
    
      <TextLine id="eSc_line_228273" >
        <Coords points="266,405 270,366 337,373 384,362 428,379 477,362 497,377 531,366 556,381 601,375 612,386 642,377 682,386 693,375 704,384 750,386 800,375 821,390 840,379 870,392 917,384 987,396 1021,388 1036,396 1124,390 1139,401 1173,381 1226,398 1248,388 1297,396 1326,381 1350,396 1422,388 1442,403 1474,381 1491,392 1521,381 1538,396 1555,381 1572,392 1634,381 1655,401 1661,424 1651,448 1561,448 1542,437 1467,450 1444,435 1422,454 1322,454 1290,445 1280,454 1186,458 1038,448 996,458 968,448 900,450 889,439 797,450 695,433 669,445 635,435 548,439 435,426 347,433 311,422 270,428"/>
        <Baseline points="266,405 471,403 503,409 556,413 763,411 821,422 1608,420 1661,424"/>
        <TextEquiv>
          <Unicode>brages séculaires de Hyde Park, Sunderland House est bien</Unicode>
        </TextEquiv>
      </TextLine>

    
    
      <TextLine id="eSc_line_228274" >
        <Coords points="262,480 266,450 302,443 384,460 413,450 428,460 552,456 601,469 674,456 693,469 729,460 846,467 864,475 889,462 913,475 987,469 1113,480 1156,460 1169,473 1209,482 1292,467 1318,486 1367,471 1386,480 1427,477 1444,462 1489,477 1563,482 1595,465 1604,473 1638,471 1661,492 1683,480 1794,492 1806,522 1800,541 1757,546 1681,539 1657,522 1649,531 1587,533 1565,516 1542,535 1452,526 1408,539 1356,533 1331,544 1312,526 1299,535 1222,533 1201,541 1147,524 1134,535 1075,544 1051,526 1034,535 947,535 928,526 904,537 859,522 746,529 704,520 686,529 631,518 599,524 588,516 535,522 488,512 450,522 430,514 356,516 345,507 322,514 300,503 266,509"/>
        <Baseline points="264,480 324,480 430,490 499,488 526,490 580,501 601,497 761,497 962,507 1230,505 1275,509 1435,512 1670,509 1728,514 1779,514 1809,524"/>
        <TextEquiv>
          <Unicode>l’ancienne et somptueuse demeure qui devait perpétuer les souve-</Unicode>
        </TextEquiv>
      </TextLine>

    
    
      <TextLine id="eSc_line_228275" >
        <Coords points="256,558 260,535 270,531 379,548 390,539 526,539 554,548 599,537 648,550 678,535 699,550 770,552 795,541 806,552 846,554 887,541 908,558 949,548 977,567 1000,548 1036,561 1085,552 1098,563 1145,552 1171,561 1186,548 1207,561 1230,548 1258,558 1329,561 1367,588 1408,556 1467,550 1478,558 1491,554 1514,573 1538,554 1565,548 1612,571 1668,561 1676,569 1749,563 1817,580 1828,605 1809,633 1792,629 1779,640 1723,622 1625,622 1608,610 1591,618 1538,616 1514,599 1484,616 1412,625 1388,608 1322,622 1260,614 1239,622 1228,614 1171,625 1107,618 1096,627 1045,603 1028,616 974,605 957,618 934,610 910,618 857,610 806,616 770,601 522,610 450,595 290,601 260,590"/>
        <Baseline points="256,561 358,571 454,576 646,573 684,580 846,584 992,582 1013,586 1162,593 1642,590 1749,599 1830,607"/>
        <TextEquiv>
          <Unicode>nirs de magnificence des Ducs de Marlborough. Elle est grandiose</Unicode>
        </TextEquiv>
      </TextLine>

    
    
      <TextLine id="eSc_line_228276" >
        <Coords points="256,648 266,618 305,618 337,635 362,625 428,629 473,620 494,637 514,622 595,622 614,640 633,625 697,633 727,622 740,633 750,625 787,637 866,618 896,640 949,627 964,640 1002,633 1013,642 1098,648 1122,637 1158,640 1171,629 1201,642 1243,633 1256,644 1294,631 1341,652 1369,635 1410,654 1444,633 1478,650 1516,640 1563,646 1619,637 1644,648 1749,652 1755,672 1749,706 1730,721 1702,704 1666,706 1651,697 1504,699 1489,689 1444,704 1412,684 1393,697 1344,691 1158,704 1145,712 1126,695 1094,708 1053,697 998,704 987,695 928,697 902,689 714,693 665,682 633,686 612,674 597,684 437,678 407,691 388,680 334,680 322,689 260,674"/>
        <Baseline points="258,650 426,657 448,661 710,661 763,665 1032,669 1098,667 1124,672 1222,674 1467,674 1514,678 1757,674"/>
        <TextEquiv>
          <Unicode>et, comme tant d’autr/es à Londres, inspirée de la renaissance,</Unicode>
        </TextEquiv>
      </TextLine>

    
    
      <TextLine id="eSc_line_228277" >
        <Coords points="256,733 258,708 300,697 501,716 539,704 558,714 595,704 631,716 686,704 704,716 721,706 750,716 768,704 812,716 851,704 887,725 906,712 915,721 974,723 996,710 1011,721 1045,714 1088,727 1128,714 1160,723 1179,712 1205,723 1239,714 1254,727 1290,721 1314,733 1335,718 1344,727 1373,714 1405,731 1427,723 1454,727 1469,716 1525,755 1565,721 1657,744 1696,727 1745,738 1764,729 1789,742 1796,757 1789,789 1762,800 1657,782 1565,789 1518,759 1480,789 1469,780 1454,789 1337,785 1318,774 1243,789 1218,778 1166,787 1092,774 989,778 972,787 949,774 859,782 817,770 804,778 778,770 755,782 691,763 633,772 531,761 484,772 471,763 409,768 398,759 381,768 369,759 358,768 260,763"/>
        <Baseline points="256,733 439,738 467,733 488,740 608,746 782,744 849,750 1024,755 1292,753 1352,757 1521,759 1570,763 1764,763 1796,757"/>
        <TextEquiv>
          <Unicode>italienne et de l’orgueil de notre XVII ème siècle ; elle semble</Unicode>
        </TextEquiv>
      </TextLine>

    
    
      <TextLine id="eSc_line_228278" >
        <Coords points="256,823 260,791 275,785 330,791 352,782 403,795 426,778 439,787 475,780 497,793 563,789 593,797 618,795 635,782 648,793 674,785 704,804 746,793 776,804 851,806 883,797 906,808 955,795 994,814 1034,800 1079,810 1122,797 1184,834 1198,834 1230,806 1267,814 1282,804 1320,817 1339,804 1363,808 1382,825 1410,806 1440,810 1459,825 1482,808 1501,814 1514,804 1542,817 1608,817 1629,832 1651,817 1683,817 1700,829 1723,814 1753,825 1760,855 1749,878 1725,881 1700,866 1681,876 1629,864 1559,876 1523,868 1469,876 1452,861 1437,870 1388,864 1376,874 1367,866 1258,872 1230,870 1207,853 1141,870 1013,866 996,855 932,864 864,855 849,866 817,857 797,868 778,855 721,851 526,857 497,844 388,840 317,851 305,840 260,842"/>
        <Baseline points="256,825 290,821 413,821 569,832 872,829 915,840 1286,838 1337,842 1493,844 1544,849 1760,856"/>
        <TextEquiv>
          <Unicode>avoir été importée au pays des brumes. Palais de pierre ou de</Unicode>
        </TextEquiv>
      </TextLine>

    
    
      <TextLine id="eSc_line_228279" >
        <Coords points="247,896 251,876 264,870 300,859 324,872 347,857 381,874 396,868 413,878 465,866 475,874 548,876 565,889 601,876 642,881 654,870 674,881 693,864 718,881 853,881 876,891 902,881 936,891 949,883 964,891 972,883 1026,889 1041,881 1056,891 1098,893 1124,910 1141,896 1243,896 1254,887 1269,898 1307,887 1348,898 1363,887 1410,908 1425,896 1461,896 1497,878 1538,900 1559,891 1570,902 1593,902 1606,893 1636,917 1670,898 1723,902 1734,932 1728,960 1666,957 1651,947 1617,972 1585,953 1429,953 1405,936 1388,951 1337,957 1305,957 1297,949 1252,955 1235,945 1109,955 1073,942 898,947 874,932 857,942 738,934 682,945 674,936 603,938 586,928 567,940 499,930 439,936 413,925 279,930 251,917"/>
        <Baseline points="249,896 456,908 637,906 689,908 742,917 966,917 1021,919 1100,921 1122,925 1553,923 1587,930 1655,934 1736,934"/>
        <TextEquiv>
          <Unicode>marbre blanc, aux lourdes murailles, aux larges fenêtres, aux</Unicode>
        </TextEquiv>
      </TextLine>

    
    
      <TextLine id="eSc_line_228293" >
        <Coords points="256,985 264,951 439,951 473,960 499,947 514,960 539,953 552,964 610,947 648,962 772,962 785,970 814,957 855,968 896,951 915,970 934,960 979,972 1015,964 1034,972 1051,964 1085,977 1109,968 1179,977 1196,964 1222,974 1252,964 1267,977 1335,968 1361,992 1399,977 1429,992 1459,974 1495,983 1527,970 1557,979 1572,968 1602,996 1623,981 1659,989 1768,985 1794,996 1798,1017 1785,1056 1755,1043 1683,1051 1666,1036 1649,1045 1602,1034 1585,1047 1561,1034 1491,1032 1448,1043 1427,1028 1371,1034 1358,1024 1348,1032 1277,1030 1254,1038 1098,1026 1070,1032 1019,1019 998,1030 806,1019 774,1034 757,1019 706,1017 674,1030 661,1017 635,1024 556,1011 484,1017 260,1006"/>
        <Baseline points="256,987 311,983 537,994 791,992 872,1002 1128,1000 1177,1006 1273,1011 1568,1009 1606,1015 1672,1019 1800,1019"/>
        <TextEquiv>
          <Unicode>monumentales colonnes, noircies de brouillard et lavées de pluie,</Unicode>
        </TextEquiv>
      </TextLine>

    
    
      <TextLine id="eSc_line_228280" >
        <Coords points="247,1064 251,1038 273,1028 366,1043 401,1032 531,1043 586,1036 610,1045 644,1036 684,1045 704,1032 721,1043 825,1041 855,1051 870,1043 953,1051 1032,1043 1053,1056 1083,1049 1105,1064 1137,1049 1166,1058 1181,1047 1196,1056 1218,1047 1233,1060 1256,1049 1267,1058 1299,1051 1316,1060 1329,1049 1352,1058 1365,1047 1401,1075 1427,1058 1474,1075 1529,1056 1557,1068 1587,1060 1606,1070 1623,1062 1655,1073 1685,1060 1732,1081 1747,1073 1802,1075 1813,1100 1804,1124 1768,1132 1730,1115 1710,1128 1610,1120 1493,1126 1482,1117 1467,1126 1440,1117 1416,1124 1401,1111 1277,1120 1239,1111 1228,1120 1188,1120 1111,1107 994,1109 981,1117 968,1109 812,1096 763,1107 723,1096 597,1096 567,1105 552,1096 531,1109 518,1098 471,1102 456,1090 416,1096 251,1085"/>
        <Baseline points="247,1064 309,1070 584,1068 622,1075 674,1075 695,1079 936,1079 1002,1088 1292,1085 1320,1090 1472,1096 1623,1094 1708,1100 1813,1100"/>
        <TextEquiv>
          <Unicode>elle est avant tout une affirmation majestueuse de résistance aux</Unicode>
        </TextEquiv>
      </TextLine>

    
    
      <TextLine id="eSc_line_228294" >
        <Coords points="247,1145 251,1122 268,1113 334,1122 394,1105 407,1115 418,1107 433,1120 454,1105 484,1128 509,1111 576,1128 586,1120 701,1124 725,1113 742,1128 778,1128 797,1141 853,1117 889,1134 921,1124 949,1134 970,1117 1004,1134 1041,1128 1060,1141 1107,1132 1164,1141 1184,1126 1228,1130 1250,1143 1284,1132 1307,1143 1329,1139 1348,1156 1369,1141 1403,1141 1425,1156 1465,1137 1506,1149 1527,1145 1546,1160 1568,1143 1651,1156 1666,1147 1687,1169 1715,1149 1728,1158 1749,1147 1792,1156 1804,1145 1815,1154 1819,1184 1813,1220 1751,1203 1710,1218 1687,1201 1672,1211 1632,1216 1614,1205 1563,1207 1544,1192 1531,1203 1440,1205 1420,1194 1356,1205 1344,1192 1324,1205 1309,1194 1256,1203 1192,1196 1175,1211 1141,1192 1100,1198 1058,1188 928,1188 915,1196 902,1188 883,1196 866,1186 810,1186 795,1173 768,1190 669,1179 644,1188 603,1179 593,1188 573,1175 524,1175 514,1184 475,1173 437,1181 375,1171 343,1179 264,1173 251,1162"/>
        <Baseline points="248,1147 420,1145 610,1156 808,1156 864,1164 1062,1162 1134,1175 1207,1171 1339,1171 1448,1173 1525,1181 1738,1179 1821,1184"/>
        <TextEquiv>
          <Unicode>conquêtes des vieilles monarchies européennes en même temps qu’une</Unicode>
        </TextEquiv>
      </TextLine>

    
    
      <TextLine id="eSc_line_228295" >
        <Coords points="245,1228 256,1198 279,1198 298,1184 328,1198 358,1186 384,1201 501,1209 526,1192 576,1218 640,1192 665,1209 738,1209 763,1192 810,1218 870,1205 885,1218 910,1205 925,1216 949,1207 1024,1220 1085,1213 1094,1222 1141,1211 1209,1226 1222,1218 1237,1226 1260,1216 1280,1226 1294,1218 1326,1226 1339,1216 1390,1216 1412,1233 1448,1224 1493,1250 1527,1224 1540,1235 1576,1230 1591,1239 1644,1230 1674,1254 1706,1228 1772,1239 1779,1260 1768,1294 1693,1290 1681,1282 1668,1292 1546,1288 1521,1307 1489,1282 1218,1286 1120,1273 1081,1282 1041,1269 887,1275 849,1265 829,1275 787,1262 759,1269 697,1260 669,1269 648,1256 608,1269 578,1254 565,1265 518,1265 249,1248"/>
        <Baseline points="246,1230 388,1230 608,1230 684,1241 917,1239 1006,1250 1224,1248 1322,1258 1497,1256 1548,1258 1612,1267 1780,1262"/>
        <TextEquiv>
          <Unicode>récompense de la guerre, donc un encouragement à la guerre. Avec</Unicode>
        </TextEquiv>
      </TextLine>

    
    
      <TextLine id="eSc_line_228281" >
        <Coords points="249,1309 260,1271 313,1290 332,1273 375,1271 386,1282 420,1284 443,1275 475,1284 533,1280 576,1294 627,1286 644,1271 663,1282 680,1275 693,1286 736,1277 763,1299 819,1286 846,1299 864,1284 887,1284 900,1294 919,1286 938,1297 957,1284 979,1301 1000,1292 1043,1299 1068,1322 1126,1288 1156,1305 1186,1294 1209,1307 1269,1301 1284,1309 1320,1301 1344,1312 1354,1305 1382,1314 1399,1305 1412,1314 1433,1305 1474,1314 1491,1329 1546,1307 1619,1322 1659,1312 1710,1318 1717,1348 1702,1376 1597,1378 1529,1365 1514,1373 1491,1356 1450,1373 1405,1363 1380,1371 1331,1367 1318,1354 1284,1365 1269,1352 1218,1369 1162,1352 1034,1363 1021,1352 838,1346 823,1356 789,1346 755,1354 503,1337 477,1348 443,1339 424,1348 409,1337 328,1335 317,1326 296,1335 253,1331"/>
        <Baseline points="249,1309 456,1307 558,1318 738,1318 791,1314 836,1324 883,1326 996,1324 1128,1335 1294,1333 1427,1344 1619,1341 1717,1348"/>
        <TextEquiv>
          <Unicode>le légendaire château de Blenheim, et tant d&#39;autres richesses</Unicode>
        </TextEquiv>
      </TextLine>

    
    
      <TextLine id="eSc_line_228282" >
        <Coords points="245,1378 258,1348 307,1363 334,1354 394,1365 413,1354 522,1373 582,1365 618,1376 652,1356 695,1367 708,1358 742,1369 759,1363 785,1373 836,1356 898,1378 938,1361 983,1376 1058,1373 1070,1384 1143,1378 1152,1386 1162,1378 1186,1390 1233,1378 1273,1393 1316,1382 1380,1393 1405,1382 1465,1410 1491,1390 1536,1408 1563,1388 1595,1403 1627,1395 1653,1412 1698,1395 1774,1403 1779,1422 1770,1452 1734,1463 1715,1452 1672,1459 1655,1444 1638,1457 1559,1454 1540,1437 1497,1454 1465,1444 1414,1454 1378,1446 1344,1463 1318,1444 1207,1448 1190,1435 1156,1444 1139,1433 1130,1442 1073,1446 1041,1433 1017,1444 970,1431 883,1437 699,1422 676,1433 663,1422 614,1418 561,1431 516,1418 426,1427 394,1414 305,1422 249,1410"/>
        <Baseline points="247,1380 354,1384 443,1395 686,1393 960,1401 1002,1412 1124,1410 1201,1414 1228,1420 1446,1418 1467,1422 1563,1429 1781,1425"/>
        <TextEquiv>
          <Unicode>historiques que la fierté britannique a prodiguées de tout temps</Unicode>
        </TextEquiv>
      </TextLine>

    
    
      <TextLine id="eSc_line_228283" >
        <Coords points="245,1472 249,1440 268,1431 332,1448 509,1437 524,1448 580,1448 597,1461 618,1446 667,1454 738,1450 761,1461 774,1450 804,1454 823,1440 868,1457 936,1444 974,1469 1013,1448 1049,1469 1083,1452 1120,1472 1145,1461 1194,1463 1216,1478 1297,1461 1324,1472 1363,1467 1382,1480 1416,1474 1437,1493 1457,1495 1501,1474 1561,1480 1576,1493 1595,1480 1751,1480 1762,1482 1768,1508 1762,1536 1636,1536 1595,1546 1574,1531 1504,1538 1461,1523 1431,1544 1414,1533 1384,1538 1297,1525 1273,1536 1258,1527 1245,1538 1203,1525 1049,1510 1021,1521 945,1521 917,1510 885,1518 861,1510 836,1521 821,1512 808,1523 757,1504 744,1512 640,1501 631,1508 599,1495 571,1508 334,1493 279,1501 249,1493"/>
        <Baseline points="247,1474 277,1469 458,1469 554,1480 770,1478 814,1480 855,1489 970,1486 1092,1497 1233,1497 1277,1493 1301,1501 1358,1504 1597,1506 1627,1501 1649,1510 1769,1510"/>
        <TextEquiv>
          <Unicode>aux serviteurs de ses libertés et de son prestige, elle proclame</Unicode>
        </TextEquiv>
      </TextLine>

    
    
      <TextLine id="eSc_line_228284" >
        <Coords points="238,1550 243,1529 260,1514 366,1521 384,1536 416,1516 443,1514 456,1529 475,1514 490,1525 520,1510 558,1529 605,1529 616,1518 637,1538 661,1523 712,1538 761,1525 823,1538 842,1525 855,1538 878,1531 902,1544 940,1533 979,1533 987,1542 1002,1529 1026,1540 1066,1531 1088,1550 1107,1538 1205,1550 1243,1542 1265,1561 1309,1548 1348,1548 1369,1559 1390,1548 1410,1565 1440,1550 1463,1563 1514,1570 1527,1561 1574,1568 1582,1559 1636,1565 1646,1589 1636,1621 1593,1621 1574,1606 1555,1623 1508,1623 1476,1614 1427,1619 1408,1606 1386,1619 1373,1610 1271,1612 1262,1604 1235,1610 1220,1602 1156,1606 1105,1595 1070,1604 1006,1595 979,1604 942,1591 785,1591 768,1600 729,1587 578,1589 544,1578 456,1591 386,1572 364,1582 309,1574 258,1580 243,1568"/>
        <Baseline points="241,1553 386,1553 443,1557 693,1555 795,1565 928,1565 979,1561 1000,1570 1021,1572 1164,1572 1237,1582 1358,1580 1425,1593 1446,1589 1648,1591"/>
        <TextEquiv>
          <Unicode>qu&#39;en Angleterre un service rendu à l&#39;Etat n&#39;est jamais un</Unicode>
        </TextEquiv>
      </TextLine>

    
    
      <TextLine id="eSc_line_228285" >
        <Coords points="241,1627 245,1595 268,1602 298,1587 332,1602 362,1595 390,1606 430,1597 450,1614 465,1604 524,1606 567,1593 582,1606 603,1606 627,1627 684,1600 699,1610 731,1606 761,1623 793,1608 840,1617 866,1602 889,1617 902,1608 932,1617 951,1608 989,1623 1017,1610 1047,1634 1068,1617 1092,1614 1152,1625 1186,1621 1209,1632 1235,1625 1284,1638 1305,1623 1363,1646 1388,1634 1504,1638 1516,1646 1538,1636 1553,1649 1574,1634 1619,1649 1713,1636 1730,1649 1736,1672 1723,1696 1670,1702 1621,1691 1600,1704 1572,1702 1550,1685 1504,1704 1429,1691 1390,1698 1356,1681 1333,1700 1314,1702 1292,1687 1218,1691 1173,1676 1085,1681 1047,1666 1024,1685 1006,1672 913,1678 844,1670 827,1678 753,1666 736,1674 706,1666 644,1670 620,1653 601,1668 573,1661 563,1670 514,1659 458,1666 443,1653 422,1666 326,1653 275,1664 245,1651"/>
        <Baseline points="241,1627 273,1625 418,1634 571,1632 672,1638 693,1642 883,1640 940,1651 1079,1649 1188,1659 1286,1657 1382,1668 1649,1666 1736,1672"/>
        <TextEquiv>
          <Unicode>bienfait perdu ; elle contribue à illustrer la famille du bien-</Unicode>
        </TextEquiv>
      </TextLine>

    
    
      <TextLine id="eSc_line_228290" >
        <Coords points="236,1706 241,1681 275,1666 296,1666 313,1678 332,1670 343,1681 407,1678 430,1696 484,1676 541,1693 563,1676 588,1674 601,1687 642,1678 665,1687 691,1681 708,1691 723,1678 768,1681 776,1689 821,1678 885,1691 913,1710 945,1689 1026,1698 1041,1689 1068,1700 1145,1698 1184,1713 1218,1700 1256,1721 1288,1704 1388,1717 1457,1710 1484,1723 1510,1719 1533,1738 1561,1717 1604,1717 1627,1723 1632,1747 1625,1770 1612,1779 1561,1779 1544,1768 1525,1783 1478,1772 1431,1783 1416,1770 1397,1777 1294,1762 1286,1768 1254,1751 1235,1768 1220,1768 1198,1764 1184,1747 1169,1760 1111,1764 1041,1753 989,1760 979,1749 923,1757 832,1749 817,1757 806,1747 789,1757 770,1747 746,1760 710,1738 629,1753 548,1736 471,1747 443,1732 424,1749 407,1738 347,1736 334,1747 241,1728"/>
        <Baseline points="238,1708 590,1708 614,1710 691,1717 900,1717 925,1719 960,1728 1102,1725 1181,1736 1277,1732 1333,1745 1595,1755 1634,1748"/>
        <TextEquiv>
          <Unicode>faiteur, les Barons Spencer, les Comtes de Sunderland, les</Unicode>
        </TextEquiv>
      </TextLine>

    
    
      <TextLine id="eSc_line_228286" >
        <Coords points="228,1779 230,1760 256,1742 307,1760 354,1751 396,1770 420,1755 473,1749 499,1760 556,1762 588,1742 625,1755 644,1774 682,1745 714,1766 806,1766 836,1753 881,1772 992,1764 1006,1777 1169,1774 1213,1785 1228,1777 1267,1804 1309,1785 1354,1792 1371,1809 1397,1792 1420,1800 1506,1798 1542,1815 1570,1792 1582,1802 1640,1796 1674,1806 1715,1785 1736,1824 1725,1849 1678,1843 1644,1864 1553,1853 1544,1845 1504,1864 1463,1853 1403,1864 1376,1841 1297,1856 1201,1841 1190,1849 1147,1838 1096,1847 1073,1832 1024,1847 989,1832 919,1830 902,1843 887,1832 868,1843 836,1828 797,1836 755,1824 678,1834 650,1824 588,1821 571,1834 556,1821 529,1819 516,1830 503,1819 413,1826 366,1815 345,1824 313,1811 277,1824 232,1802"/>
        <Baseline points="230,1781 262,1787 501,1785 573,1789 669,1794 793,1794 928,1804 1034,1802 1128,1813 1201,1811 1301,1815 1331,1819 1480,1819 1561,1826 1738,1826"/>
        <TextEquiv>
          <Unicode>Barons Churchill, les Marquis de Blandford, les Comtes enfin et</Unicode>
        </TextEquiv>
      </TextLine>

    
    
      <TextLine id="eSc_line_228292" >
        <Coords points="232,1858 241,1832 268,1838 294,1821 315,1836 398,1830 443,1849 497,1830 518,1849 556,1832 578,1841 622,1832 654,1845 682,1838 753,1849 776,1841 797,1853 802,1870 795,1905 721,1900 710,1911 680,1900 616,1902 605,1911 576,1894 518,1911 501,1892 482,1909 437,1898 424,1907 416,1896 394,1894 339,1896 326,1907 296,1896 249,1900 234,1888"/>
        <Baseline points="234,1860 804,1873"/>
        <TextEquiv>
          <Unicode>les Ducs de Marlborough.</Unicode>
        </TextEquiv>
      </TextLine>

    
    
      <TextLine id="eSc_line_228288" >
        <Coords points="689,1945 693,1922 710,1911 748,1922 823,1911 870,1930 883,1920 930,1928 947,1915 979,1928 1011,1922 1034,1941 1062,1926 1077,1939 1169,1928 1207,1945 1248,1941 1273,1949 1288,1939 1361,1960 1384,1945 1435,1956 1457,1939 1484,1958 1499,1960 1516,1947 1536,1962 1548,1949 1565,1949 1593,1966 1636,1943 1659,1939 1672,1947 1715,1934 1719,1977 1713,1994 1704,1988 1683,2009 1672,2001 1548,2020 1533,2009 1523,2020 1486,2022 1395,2007 1356,2022 1329,2003 1288,2011 1260,1996 1216,1996 1194,2007 1117,1994 1088,2007 1038,1988 1011,1996 996,1981 938,1996 930,1988 793,1988 763,1975 712,1984 691,1975"/>
        <Baseline points="691,1947 772,1947 947,1956 996,1958 1066,1966 1166,1966 1213,1975 1433,1973 1493,1979 1721,1979"/>
        <TextEquiv>
          <Unicode>Tant de gloire a quelque peu tourné la tête à</Unicode>
        </TextEquiv>
      </TextLine>

    
    
      <TextLine id="eSc_line_228291" >
        <Coords points="245,2022 249,1979 298,2003 326,1979 366,1992 401,1979 411,1990 492,1990 514,2009 535,2009 558,1988 586,1988 610,2009 642,1990 665,2001 710,2001 729,1984 757,2001 782,1998 810,2018 844,1990 923,2011 947,2001 962,2009 1002,2003 1026,2016 1058,2001 1109,2013 1156,2009 1164,2020 1196,2020 1205,2011 1241,2035 1258,2022 1284,2030 1350,2022 1401,2052 1431,2028 1533,2041 1576,2024 1600,2035 1681,2026 1693,2016 1698,2054 1691,2088 1681,2097 1653,2080 1617,2090 1606,2082 1589,2094 1563,2086 1431,2099 1405,2082 1373,2094 1361,2084 1320,2090 1307,2080 1260,2082 1248,2071 1209,2084 1181,2075 1166,2082 1160,2073 1147,2084 1111,2065 1077,2075 1068,2067 1021,2065 1006,2077 977,2060 819,2056 780,2071 753,2058 678,2056 663,2067 614,2045 595,2056 546,2043 526,2056 477,2062 452,2050 430,2060 388,2060 373,2048 249,2052"/>
        <Baseline points="245,2022 390,2022 452,2026 789,2026 825,2035 970,2033 1051,2043 1147,2041 1205,2052 1299,2052 1320,2048 1378,2058 1450,2060 1644,2060 1698,2054"/>
        <TextEquiv>
          <Unicode>la famille ; il a fallu, dans ces derniers temps, pour réparer</Unicode>
        </TextEquiv>
      </TextLine>

    
    
      <TextLine id="eSc_line_228287" >
        <Coords points="232,2092 236,2073 264,2060 322,2077 343,2062 375,2058 403,2073 416,2062 448,2073 462,2062 494,2075 522,2069 537,2082 582,2065 608,2080 654,2062 672,2073 712,2075 725,2088 765,2071 814,2088 838,2071 857,2080 885,2073 962,2082 998,2099 1015,2084 1045,2090 1056,2080 1124,2101 1156,2092 1205,2092 1220,2101 1248,2094 1309,2116 1324,2103 1376,2114 1412,2107 1454,2126 1523,2109 1544,2122 1561,2112 1644,2105 1653,2097 1683,2133 1676,2152 1651,2171 1625,2158 1582,2171 1548,2161 1531,2173 1476,2169 1457,2158 1444,2169 1414,2171 1309,2154 1267,2165 1256,2154 1226,2152 1134,2156 1043,2141 1015,2150 1000,2137 972,2146 940,2133 915,2144 861,2137 827,2148 812,2135 740,2135 727,2146 704,2131 631,2126 603,2129 593,2139 501,2126 416,2131 403,2122 379,2133 343,2122 290,2133 236,2118"/>
        <Baseline points="234,2094 347,2099 396,2103 721,2101 770,2112 974,2109 1036,2118 1169,2122 1303,2126 1356,2133 1408,2135 1685,2135"/>
        <TextEquiv>
          <Unicode>son désordre et même ses folies, pour redorer enfin son noble</Unicode>
        </TextEquiv>
      </TextLine>

    
    
      <TextLine id="eSc_line_228289" >
        <Coords points="232,2173 238,2137 251,2146 354,2141 394,2158 411,2158 435,2141 567,2152 633,2146 650,2161 674,2146 725,2152 748,2137 776,2152 827,2148 844,2161 919,2148 930,2158 1041,2156 1094,2176 1117,2161 1190,2176 1209,2167 1241,2180 1309,2176 1350,2193 1376,2180 1461,2186 1472,2195 1501,2184 1529,2190 1585,2180 1595,2188 1634,2163 1687,2182 1693,2208 1661,2242 1644,2235 1614,2259 1593,2237 1553,2261 1531,2246 1514,2254 1476,2240 1437,2246 1420,2261 1410,2250 1365,2242 1350,2252 1333,2242 1316,2254 1286,2240 1239,2244 1222,2231 1177,2250 1145,2222 1126,2233 1066,2225 1036,2235 1015,2225 1000,2231 983,2218 942,2218 928,2229 919,2218 891,2214 872,2231 857,2220 842,2231 821,2216 753,2222 736,2208 693,2216 657,2201 627,2222 601,2222 588,2210 556,2203 512,2220 477,2210 454,2218 441,2208 426,2218 409,2203 339,2214 328,2203 294,2212 245,2210 234,2201"/>
        <Baseline points="232,2173 925,2188 1158,2197 1254,2205 1516,2214 1693,2208"/>
        <TextEquiv>
          <Unicode>blason, l’immense fortune américaine des Vander bilt rehaussée</Unicode>
        </TextEquiv>
      </TextLine>

    
    </TextRegion>
    
  </Page>
</PcGts>
