1920 2560
804 147 942 232 - 2 -
245 311 1696 403 tâchons de l’améliorer pour qu’elle dure. Et pour arriver à
258 390 1802 494 l'améliorer, commençons par le faire vivre, par le voter et le
256 473 499 558 ratifier.
426 584 1836 661 Je sens très nettement qu'en évitant de me servir de mon
256 640 1824 748 voyage pour ou contre un parti, en France et aux Etats-Unis, et
256 729 1792 832 en m’attachant à tout ce qui pourra rétablir vraiment la paix,
247 812 1715 906 je ferai une bonne action dont personne ne pourra me savoir
251 893 554 979 mauvais gré.
424 1002 1781 1079 A mon retour en France, dans un mois, je retrouverai le
256 1053 1742 1166 Parlement en pleine discussion du traité, mais après l’avoir
238 1162 1768 1252 critiqué, comme je l'ai fait moi-même, on le votera. On a une
249 1218 1742 1329 telle soif de paix, de retour à la vie normale! Et cette vie
256 1326 1717 1414 normale reprend ; elle va reprendre moins lentement, la paix
241 1384 1811 1499 étant enfin signée et quelles que puissent être ses difficulté/s
247 1472 1785 1582 d’exécution. A Paris, tout est à la joie, joie sérieuse relati-
245 1550 1734 1664 vement mais joie quand même. Les courses d'Auteuil ont repris
247 1655 1766 1745 comme avant la guerre. C'était dimanche dernier le grand prix;
669 1708 746 1753 été
245 1713 1734 1824 jamais il n’avait plus brillant. Tout Paris y était, on a re-
256 1798 1783 1913 commencé à parier, à étaler les toilettes les plus sensationnel-
238 1879 1751 1990 les, les automobiles du plus grand luxe. Aujourd'hui, c'est le
241 1977 1734 2069 grand prix de Longchamps ; le grand événement qui terminait la
245 2041 1811 2156 saison de Paris jadis, mais qui n’en était plus qu’un des attraits
228 2131 1128 2214 quelques années déjà avant la guerre.
424 2225 1664 2312 Au Havre, je vois la jolie station de Sainte-Adresse
