1920 2560
561 17 949 138 LETTRE N° 552.
29 151 371 277 SÉNAT
1252 292 1789 398 PARIS, le 24 juin 1919
593 535 1378 667 LA SIGNATURE de la PAIX. -
917 851 1326 928 Mon cher Butler,
544 992 1762 1092 La délégation allemande a fait savoir hier soir au
366 1079 1800 1192 Gouvernement Français que l’Allemagne accepte sans conditions
381 1173 928 1271 la signature du traité.
563 1239 1806 1335 Cette nouvelle a été accueillie à Paris avec joie, au
375 1320 1815 1420 bruit des salves d’artillerie, des cloches, des sirènes et des
381 1395 1815 1497 orchestres improvisés. Les rues pavoisées retentissent des chants
373 1478 1785 1582 de ££a foule, manifestant son allégresse par des danses et des
369 1570 1431 1657 cris de vive la France, viv/ent les alliés!
558 1629 1804 1747 La signature de la paix aura lieu solennellement à Ver-
373 1706 1772 1826 sailles, aussitôt l’arrivée des plénipotentiaires allemands,
375 1781 1785 1900 avant la fin de la semaine. Elle sera célébrée par de grandes
375 1890 723 1971 fêtes à Paris.
576 1930 1768 2052 Je viens de téléphoner ces heureuses nouvelles, à la
371 2022 1696 2144 première heure à la Flèche, pour m’associer à la joie des
153 2152 1105 2259 à Monsieur le Président N. Murray BUTLER
375 2244 603 2338 NEW YORK
