1920 2560
930 132 1096 202 - 3 -
236 245 1755 386 bien ce dont, au fond, on se plaignait. On ne voulait pas de
249 334 1747 465 cet exemple. Si quelques centaines cependant d’autres grands
236 420 1804 569 bienfaiteurs l’avaient imité, s’il avait pu fonder, par exemple,
236 509 1783 644 un journal à opposer à la presse chauvine, un journal de vérité
245 595 1828 742 et de paix pour contredire les journaux de mensonge et de corrup-
232 674 1779 825 tion, peut-être aurait-il réussi à retarder et par conséquent à
247 759 1038 866 rendre impossible cette guerre ?
725 859 1809 994 Quoi qu’il en soit, CARNEGIE a eu le courage
247 928 1779 1070 et l’intelligence de prendre l’initiative d’une grande campagne
238 1015 1685 1152 pour la paix. Il a doublé l'initiative américaine et c’est
241 1096 1785 1243 ainsi que la Seconde Conférence de La Haye a pu se réunir. C'est
228 1175 1632 1322 en partie grâce à lui que les conflits de Dogger-Bank, de
221 1258 1749 1405 Casablanca, du Carthage et du Manouba et tant d’autres ont été
217 1335 1789 1495 réglés pacifiquement. Il a rendu ainsi un service incalculable.
689 1429 1734 1580 S'il s'était contenté d'être riche, il eût
209 1497 1691 1657 été irréprochable aux yeux de l'opinion, mais il a voulu être
200 1585 1649 1740 utile, et rendre à l’Humanité les bienfaits dont l'Humanité
213 1664 1749 1824 l'avait comblé. Je respecte sa mémoire et je ne suivrai pas les
213 1745 1766 1900 critiques qui ne lui reprochent, au fond, que d’avoir consacré sa
211 1824 1649 1990 fortune à des œuvres d'utilité générale et non d’assistance
211 1894 522 1994 particulière.
674 2005 1721 2150 La moitié seulement ou le quart de ses bien-
185 2056 1755 2237 faits consacré non à faire le bien mais à s'entourer de flat(t)eurs,
