1920 2560
960 93 1143 160 - 4 -
232 243 1853 422 aurait plus servi sa popularité que sa volonté tenace de combat-
224 337 1066 465 tre le militarisme et la guerre.
215 518 1796 680 bureau central européen de la Dotation Carnegie marquait bien
693 456 1841 601 J'ajoute que le fait d'avoir établi à Paris le
204 612 1809 774 clairement quel rôle prépondérant il réservait à la France dans
213 697 1689 844 la future organisation de la paix. Nous devons donc, nous
226 787 1646 928 Français plus que tout autres, lui conserver un souvenir
226 872 590 972 reconnaissant.
957 1036 1717 1160 Votre affectueusement dévoué,
987 1105 1672 1269 ££ ££ ££
2 1429 1201 1589 à Monsieur le Président Nicholas Murray BUTLER,
377 1555 908 1672 NEW - YORK .
