1920 2560
904 130 1053 215 - 2 -
633 279 1843 424 Le remède est en nous et en vous particulièrement,
247 352 1811 492 Messieurs les Conseillers Généraux ; vous avez le pouvoir et par
245 437 1804 582 conséquent le devoir de signaler les vices d’administration dont
241 524 1696 652 vous êtes témoins. Malheureusement, par peur de déplaire à
247 612 1728 742 Pierre ou à Paul, nous ne disons rien et nous laissons faire;
241 695 1696 823 cela ne peut aller ainsi qu/e de mal en pis. La France, de
228 774 1815 921 beaucoup la plus éprouvée des grandes Puissances belligérantes, a
236 861 1798 996 besoin, par compensation, d’être administrée au moins aussi bien
238 942 1036 1053 que ses concurrents privilégiés.
672 1045 1817 1169 J’appellerai l’attention du Conseil Général sur
236 1105 1777 1243 quelques-uns des faits et des fautes dont nous sommes à la fois
236 1190 1418 1333 victimes et complices, puisque nous les tolérons.
663 1290 1751 1418 Le charbon manque ! Pourquoi ! Tout le monde
236 1361 1800 1525 comprend que l’Angleterre, la Belgique, la France ont été plus ou
236 1442 1742 1587 moins troublées par la guerre dans leur production normale ; on
219 1525 1768 1668 compte sur les charbons allemands, mais dans quelle proportion ?
211 1610 1826 1747 et quand ? On se rabat sur la mise en valeur, enfin, de nos chutes
202 1685 1687 1832 d'eau, mais dans combien d’années, de dizaines d’années ? On
206 1764 1747 1907 n'a pas même su utiliser notre incomparable réseau de voies flu-
206 1847 1781 1988 viales, incroyablement négligé. Les travaux immenses et inespérés
206 1920 1725 2069 entrepris par les Américains dans nos ports de l'Ouest sur nos
202 2001 1700 2150 voies ferrées ont été abandonnés, dans l’indifférence générale,
202 2080 1710 2227 dès le lendemain de l’armistice, alors qu’ils pouvaient être le
196 2161 1749 2316 point de départ d'une véritable régénération de notre pays, faire
