1920 2560
887 157 1096 232 - 11 -
215 298 1736 409 c’est une nouvelle carrière ouverte à la jeunesse éclairée de
221 394 1685 492 tous les pays. Et il y a là peut-être un petit mal pour un
226 482 497 558 grand bien.
768 561 1847 676 Et c'est pourquoi je pense que si le palais
221 646 1728 742 du Duc de Marlborough est présentement affecté, non plus à la
221 733 1700 840 glorification de la guerre mais à l'organisation de la paix,
211 819 1798 930 l'aristocratie anglaise et toutes les aristocraties du monde, et
213 896 1717 1011 même les ploutocraties, et même les horribles nouveaux riches
221 985 1691 1096 de nos démocraties, comprendront qu’il faut en finir avec la
204 1066 1523 1196 politique de la violence qui se retournera contre eux.
951 1209 1666 1309 Votre affectueusement dévoué,
1056 1344 1514 1472 ££ ££ ££
14 1457 1734 1591 P.S.,- A mon passage à Paris, j'ai vu naturellement Léon Bourgeois,
194 1510 1742 1627 mais je n'ai pu trouver dans ma hâte de repartir pour la Sarthe,
213 1553 1762 1670 M. Pichon.- Je ne me fais d'ailleurs aucune illusion sur le prix
204 1591 1710 1704 qu'on peut attacher à mes efforts au Quai d'Orsay ; je me suis
217 1636 1760 1749 donc borné à écrire à notre ministre la lettre sommaire également
202 1676 1740 1787 ci-jointe en copie. Elle n'a rien de confidentiel pour/vous ; il
217 1710 1821 1828 est même nécessaire que vous soyez au courant de de que nous faisons,
213 1755 1762 1866 à Paris pour le succès d'une coopération vraiment sérieuse de nos
194 1792 1749 1911 trois nations au service de la Sociéte des Nations. En deux mots
200 1832 1105 1911 j'en reviens toujours a ma conviction:
224 1900 1742 2030 faillite et un argument de plus pour les sceptiques ; - organisée
503 1870 1666 1981 isolée, la Société des Nations ne sera rien qu'une
200 1949 1486 2073 en participation, elle vivra et pourra sauver le Monde.
6 2101 1094 2237 à Monsieur le Président Nicholas Murray BUTLER,
467 2178 699 2250 NEW-YORK.
10 2329 234 2412 2 annexes.
