<?xml version="1.0" encoding="UTF-8"  standalone="yes"?>
<PcGts xmlns="http://schema.primaresearch.org/PAGE/gts/pagecontent/2019-07-15" xmlns:xsi="http://www.w3.org/2001/XMLSchema-instance" xsi:schemaLocation="http://schema.primaresearch.org/PAGE/gts/pagecontent/2019-07-15 http://schema.primaresearch.org/PAGE/gts/pagecontent/2019-07-15/pagecontent.xsd">
  <Metadata>
	<Creator>escriptorium</Creator>
	<Created>2021-03-18T09:47:09.115585+00:00</Created>
    <LastChange>2021-03-18T09:47:09.115607+00:00</LastChange>
  </Metadata>
  <Page imageFilename="P1190663.JPG" imageWidth="1920" imageHeight="2560">

    

    
    <TextRegion id="eSc_dummyblock_">
    
    
      <TextLine id="eSc_line_227139" >
        <Coords points="913,192 919,162 964,153 994,132 1028,166 1053,147 1079,170 1128,162 1147,177 1188,157 1198,168 1222,164 1243,183 1256,172 1271,179 1275,206 1269,251 1256,262 1239,245 1186,238 1166,249 1122,238 1109,251 1070,236 1013,236 1002,245 994,236 953,234 925,247 915,238"/>
        <Baseline points="913,192 1241,202 1275,206"/>
        <TextEquiv>
          <Unicode>LETTRE N° 557.</Unicode>
        </TextEquiv>
      </TextLine>

    
    
      <TextLine id="eSc_line_227140" >
        <Coords points="108,279 113,247 145,243 157,230 172,241 196,221 217,243 241,243 260,230 275,243 288,232 326,241 373,236 386,243 390,288 384,337 375,343 320,311 294,326 283,315 275,324 249,313 221,324 157,311 140,328 110,328"/>
        <Baseline points="110,281 392,290"/>
        <TextEquiv>
          <Unicode>SÉNAT</Unicode>
        </TextEquiv>
      </TextLine>

    
    
      <TextLine id="eSc_line_227141" >
        <Coords points="1297,364 1301,315 1314,311 1333,330 1416,315 1429,330 1497,324 1523,330 1540,322 1553,332 1574,315 1589,330 1614,334 1640,324 1666,339 1691,328 1721,337 1738,324 1760,341 1779,334 1796,347 1804,339 1809,379 1798,441 1757,403 1715,398 1693,401 1672,422 1651,401 1597,401 1589,392 1540,422 1521,409 1512,418 1480,386 1461,401 1433,396 1425,405 1414,392 1371,390 1344,416 1324,405 1299,407"/>
        <Baseline points="1298,366 1339,371 1361,369 1612,369 1666,371 1715,379 1811,381"/>
        <TextEquiv>
          <Unicode>PARIS, 11 Août 1919</Unicode>
        </TextEquiv>
      </TextLine>

    
    
      <TextLine id="eSc_line_227142" >
        <Coords points="648,522 659,471 699,469 712,480 748,465 761,473 806,469 817,480 832,473 857,482 872,469 896,492 917,492 942,475 968,501 1000,469 1053,492 1073,482 1120,490 1143,469 1216,499 1245,480 1269,497 1309,482 1356,484 1369,497 1433,482 1437,535 1431,571 1384,576 1363,567 1348,582 1309,567 1248,576 1186,569 1162,582 1132,567 1058,573 930,563 919,571 910,563 650,554"/>
        <Baseline points="648,522 962,522 1002,529 1058,529 1083,533 1337,533 1361,529 1388,529 1437,535"/>
        <TextEquiv>
          <Unicode>LA MORT DE M. Andrew CARNEGIE .</Unicode>
        </TextEquiv>
      </TextLine>

    
    
      <TextLine id="eSc_line_227143" >
        <Coords points="1064,736 1073,699 1128,695 1156,716 1184,699 1216,708 1258,699 1277,716 1309,689 1326,706 1365,699 1454,710 1461,738 1454,768 1435,774 1410,757 1297,770 1273,746 1243,772 1228,757 1173,759 1158,744 1132,765 1120,755 1096,761 1066,750"/>
        <Baseline points="1066,736 1361,739 1463,740"/>
        <TextEquiv>
          <Unicode>Mon cher Butler,</Unicode>
        </TextEquiv>
      </TextLine>

    
    
      <TextLine id="eSc_line_227144" >
        <Coords points="768,934 770,889 776,893 797,874 808,885 819,874 857,896 874,881 925,896 947,878 1000,904 1107,902 1132,887 1181,908 1213,898 1228,913 1243,902 1275,910 1290,896 1314,915 1339,902 1369,904 1386,887 1412,913 1450,910 1482,887 1504,908 1521,902 1533,915 1544,904 1557,913 1570,900 1602,915 1625,902 1640,917 1678,908 1723,932 1751,910 1787,928 1796,951 1766,985 1734,979 1704,989 1693,979 1649,977 1627,992 1585,970 1508,987 1486,966 1452,977 1437,968 1410,985 1382,966 1356,974 1320,964 1237,970 1211,960 1156,964 1128,953 1107,962 1070,955 1041,968 1028,955 1002,964 925,951 893,966 872,955 864,964 814,940 785,951 770,940"/>
        <Baseline points="768,934 855,932 910,936 1141,938 1164,942 1333,940 1489,945 1548,951 1796,951"/>
        <TextEquiv>
          <Unicode>J&#39;aprends par les journaux la nouvelle de</Unicode>
        </TextEquiv>
      </TextLine>

    
    
      <TextLine id="eSc_line_227161" >
        <Coords points="328,996 332,953 349,945 369,960 413,947 443,962 588,960 622,974 659,955 689,972 714,951 753,974 780,957 797,972 832,966 842,979 1028,979 1051,998 1124,974 1147,987 1169,983 1198,994 1228,992 1252,977 1277,985 1294,977 1324,996 1352,979 1369,992 1390,977 1410,992 1427,979 1450,992 1465,981 1486,1000 1508,994 1559,1013 1587,994 1610,1004 1653,979 1685,1009 1713,992 1745,1006 1770,987 1804,1017 1815,1011 1821,1038 1815,1081 1779,1068 1742,1077 1719,1066 1704,1073 1693,1062 1659,1073 1651,1062 1625,1073 1593,1062 1546,1068 1518,1053 1491,1060 1474,1045 1448,1056 1399,1056 1354,1083 1324,1056 1297,1064 1269,1049 1216,1053 1192,1043 1177,1056 1164,1045 1137,1053 1117,1036 1094,1047 1056,1032 1028,1051 992,1038 925,1036 904,1047 881,1036 840,1041 817,1021 778,1038 723,1032 695,1045 599,1028 518,1041 501,1024 450,1032 392,1019 332,1026"/>
        <Baseline points="330,998 413,1004 518,1004 552,1011 802,1009 940,1019 1013,1017 1060,1019 1137,1028 1320,1026 1384,1036 1823,1041"/>
        <TextEquiv>
          <Unicode>la mort de M. Andrew CARNEGIE. J&#39;ai télégraphié ce qui suit à</Unicode>
        </TextEquiv>
      </TextLine>

    
    
      <TextLine id="eSc_line_227160" >
        <Coords points="324,1077 330,1032 345,1028 371,1043 403,1026 420,1043 462,1041 475,1053 497,1036 548,1049 563,1041 608,1045 616,1036 644,1038 654,1049 667,1041 680,1051 699,1045 706,1083 699,1111 627,1109 612,1120 590,1105 580,1115 546,1111 537,1120 501,1109 482,1092 448,1115 426,1105 390,1105 375,1117 360,1102 326,1102"/>
        <Baseline points="324,1077 576,1077 603,1081 706,1083"/>
        <TextEquiv>
          <Unicode>Madame CARNEGIE.</Unicode>
        </TextEquiv>
      </TextLine>

    
    
      <TextLine id="eSc_line_227145" >
        <Coords points="482,1198 486,1164 518,1175 533,1160 576,1175 650,1175 672,1196 693,1181 804,1186 838,1201 861,1186 985,1194 1002,1184 1045,1207 1066,1192 1105,1198 1115,1209 1134,1194 1260,1207 1282,1194 1301,1213 1316,1205 1384,1205 1401,1216 1429,1205 1482,1211 1497,1226 1523,1207 1568,1228 1591,1205 1604,1218 1642,1213 1683,1228 1698,1218 1740,1220 1753,1245 1738,1258 1693,1256 1685,1248 1657,1269 1640,1256 1578,1256 1568,1245 1555,1254 1514,1252 1499,1237 1482,1254 1414,1248 1401,1237 1348,1254 1307,1233 1277,1250 1173,1237 1134,1252 1113,1228 1100,1237 1058,1235 1045,1222 1032,1235 900,1235 851,1230 836,1216 821,1228 721,1228 667,1213 657,1222 597,1224 503,1220 484,1209"/>
        <Baseline points="482,1198 520,1207 742,1207 791,1203 814,1209 994,1216 1073,1224 1181,1222 1205,1228 1365,1233 1420,1230 1465,1233 1486,1237 1540,1237 1563,1241 1670,1239 1753,1245"/>
        <TextEquiv>
          <Unicode>&quot;efforts Andrew Carnegie to prevent war and to help us</Unicode>
        </TextEquiv>
      </TextLine>

    
    
      <TextLine id="eSc_line_227162" >
        <Coords points="654,1166 661,1130 721,1139 738,1126 802,1139 827,1124 851,1141 904,1134 917,1149 977,1141 1026,1149 1062,1139 1075,1149 1130,1145 1147,1158 1166,1143 1177,1152 1205,1141 1220,1152 1299,1158 1346,1149 1371,1164 1412,1158 1431,1177 1474,1152 1510,1166 1576,1160 1595,1177 1625,1162 1651,1171 1678,1152 1706,1173 1781,1158 1802,1169 1806,1198 1800,1235 1785,1228 1774,1239 1740,1220 1606,1220 1591,1205 1565,1224 1521,1205 1499,1220 1482,1209 1437,1211 1427,1203 1403,1216 1361,1205 1301,1211 1282,1192 1269,1203 1218,1205 1137,1190 1115,1207 1073,1192 1047,1203 1011,1196 998,1184 983,1196 908,1186 834,1194 821,1186 729,1188 716,1177 672,1194 657,1179"/>
        <Baseline points="657,1169 750,1169 800,1173 902,1171 1013,1181 1194,1179 1254,1190 1429,1188 1472,1194 1544,1198 1751,1196 1808,1201"/>
        <TextEquiv>
          <Unicode>We receive sad news. Will never forget generous</Unicode>
        </TextEquiv>
      </TextLine>

    
    
      <TextLine id="eSc_line_227147" >
        <Coords points="467,1275 471,1248 516,1262 586,1262 599,1273 629,1256 657,1265 669,1254 727,1267 787,1262 808,1282 823,1269 883,1267 904,1286 930,1271 1137,1273 1160,1288 1177,1277 1258,1286 1282,1273 1305,1286 1339,1286 1352,1299 1373,1284 1467,1294 1495,1284 1546,1301 1550,1312 1544,1333 1444,1326 1425,1335 1363,1324 1350,1312 1326,1326 1173,1318 1156,1303 1143,1316 1102,1316 1094,1324 1006,1316 992,1324 974,1318 953,1331 906,1314 874,1344 832,1350 768,1339 738,1312 684,1305 657,1324 640,1305 614,1305 597,1290 573,1312 561,1301 503,1309 469,1303"/>
        <Baseline points="469,1277 531,1284 772,1292 902,1290 998,1294 1051,1301 1158,1299 1203,1305 1284,1305 1341,1309 1401,1307 1446,1312 1553,1314"/>
        <TextEquiv>
          <Unicode>&quot;your faithful and gratefully devoted friends.</Unicode>
        </TextEquiv>
      </TextLine>

    
    
      <TextLine id="eSc_line_227149" >
        <Coords points="480,1239 488,1209 501,1220 667,1218 723,1228 821,1226 836,1218 851,1230 883,1228 904,1241 921,1230 1021,1235 1045,1226 1073,1237 1113,1233 1132,1250 1152,1239 1220,1239 1280,1254 1307,1235 1350,1256 1397,1241 1457,1254 1614,1252 1659,1269 1685,1252 1732,1262 1760,1245 1813,1258 1817,1284 1809,1318 1764,1318 1736,1303 1725,1312 1668,1314 1646,1303 1602,1312 1574,1299 1559,1312 1495,1282 1482,1292 1433,1292 1312,1286 1282,1271 1262,1286 1190,1275 1160,1286 1141,1273 1058,1271 908,1275 834,1267 808,1275 789,1262 712,1265 672,1250 657,1265 629,1256 599,1269 482,1250"/>
        <Baseline points="482,1241 512,1239 556,1243 770,1245 983,1258 1053,1256 1819,1286"/>
        <TextEquiv>
          <Unicode>&quot;against barbarian agression stop. We shall remain always</Unicode>
        </TextEquiv>
      </TextLine>

    
    
      <TextLine id="eSc_line_227157" >
        <Coords points="1109,1337 1113,1318 1134,1320 1158,1307 1175,1316 1326,1326 1350,1312 1363,1326 1410,1324 1425,1339 1442,1326 1542,1335 1614,1316 1638,1337 1668,1324 1674,1356 1668,1380 1642,1369 1593,1403 1576,1386 1542,1380 1497,1393 1478,1378 1465,1382 1420,1365 1378,1384 1367,1373 1324,1384 1312,1371 1282,1367 1260,1388 1222,1363 1198,1373 1188,1365 1111,1365"/>
        <Baseline points="1111,1339 1145,1337 1286,1344 1309,1341 1335,1346 1501,1352 1600,1350 1676,1357"/>
        <TextEquiv>
          <Unicode>DESTOURNELLES CONSTANT &quot;</Unicode>
        </TextEquiv>
      </TextLine>

    
    
      <TextLine id="eSc_line_227163" >
        <Coords points="330,1393 334,1348 356,1361 384,1339 398,1354 420,1344 443,1365 507,1354 535,1371 567,1354 597,1363 618,1354 633,1369 691,1371 723,1356 757,1373 772,1367 804,1376 814,1367 827,1376 842,1365 855,1376 902,1373 945,1386 989,1371 1011,1386 1073,1390 1100,1380 1117,1390 1145,1390 1171,1382 1194,1393 1254,1388 1275,1401 1301,1388 1352,1401 1437,1395 1446,1403 1491,1401 1504,1410 1523,1397 1544,1403 1570,1393 1604,1405 1625,1390 1657,1405 1689,1401 1713,1410 1725,1401 1738,1437 1732,1469 1704,1478 1685,1461 1621,1469 1576,1461 1563,1474 1546,1469 1533,1478 1518,1463 1467,1450 1425,1459 1358,1457 1341,1446 1275,1454 1258,1446 1233,1461 1222,1450 1196,1454 1134,1431 1113,1444 1077,1440 1064,1450 987,1431 972,1442 942,1429 902,1431 881,1450 851,1422 834,1437 819,1431 787,1444 755,1425 689,1435 678,1425 637,1420 586,1433 569,1418 548,1427 533,1420 520,1431 507,1420 490,1429 456,1416 439,1429 409,1410 401,1418 334,1416"/>
        <Baseline points="332,1395 362,1393 386,1397 439,1397 465,1401 537,1403 644,1401 682,1408 742,1408 774,1412 934,1410 987,1412 1041,1420 1235,1418 1316,1429 1540,1427 1589,1437 1740,1439"/>
        <TextEquiv>
          <Unicode>Une lettre presonnelle que j’avais reçue de Madame CARNEGIE,</Unicode>
        </TextEquiv>
      </TextLine>

    
    
      <TextLine id="eSc_line_227158" >
        <Coords points="320,1472 324,1429 375,1446 390,1433 445,1446 465,1431 509,1440 561,1429 608,1444 627,1437 637,1448 697,1452 727,1444 736,1452 795,1446 908,1461 942,1448 992,1469 1047,1450 1083,1463 1107,1452 1124,1467 1147,1469 1166,1454 1188,1472 1222,1463 1290,1480 1320,1465 1333,1476 1386,1474 1431,1489 1450,1480 1469,1486 1484,1476 1506,1495 1553,1476 1576,1497 1610,1478 1632,1491 1646,1482 1693,1491 1706,1480 1725,1489 1747,1476 1753,1512 1747,1546 1725,1540 1702,1557 1664,1542 1636,1550 1625,1540 1527,1548 1504,1529 1472,1555 1431,1536 1410,1548 1390,1531 1312,1531 1290,1523 1203,1533 1149,1514 1049,1521 989,1510 942,1518 893,1504 857,1518 840,1508 800,1506 780,1516 768,1506 721,1514 708,1504 678,1512 650,1501 640,1512 625,1506 608,1516 580,1499 518,1504 499,1486 441,1510 384,1482 341,1504 324,1495"/>
        <Baseline points="320,1474 349,1480 482,1478 526,1480 608,1484 654,1489 898,1489 983,1497 1166,1495 1192,1497 1213,1504 1262,1506 1403,1504 1476,1514 1755,1514"/>
        <TextEquiv>
          <Unicode>le mois dernier, pendant mon séjour à New-York, ne me faisait</Unicode>
        </TextEquiv>
      </TextLine>

    
    
      <TextLine id="eSc_line_227148" >
        <Coords points="322,1557 324,1521 337,1516 381,1516 403,1529 433,1518 465,1525 480,1512 499,1527 531,1516 584,1527 597,1540 616,1523 627,1531 646,1523 706,1529 723,1516 759,1529 782,1523 821,1542 874,1531 951,1538 962,1529 977,1542 1015,1531 1094,1546 1188,1546 1209,1536 1224,1548 1239,1540 1254,1550 1269,1540 1284,1555 1309,1546 1339,1557 1361,1538 1382,1538 1405,1555 1429,1542 1482,1565 1518,1550 1553,1565 1582,1555 1606,1570 1666,1565 1685,1555 1747,1565 1751,1595 1745,1646 1736,1649 1702,1617 1661,1629 1632,1621 1606,1640 1585,1625 1546,1632 1533,1621 1506,1621 1491,1632 1476,1619 1461,1623 1450,1614 1437,1623 1380,1608 1363,1617 1192,1597 1139,1608 1105,1595 1056,1595 1045,1604 1017,1578 987,1602 962,1591 874,1595 861,1585 829,1582 795,1595 733,1576 721,1585 686,1587 672,1578 627,1587 593,1568 548,1582 509,1574 492,1589 477,1578 413,1582 403,1572 326,1578"/>
        <Baseline points="324,1559 358,1555 686,1555 778,1565 900,1565 928,1561 947,1572 1130,1572 1156,1578 1226,1582 1324,1580 1376,1591 1533,1589 1753,1597"/>
        <TextEquiv>
          <Unicode>pas prévoir cette fin rapide ; au contraire et j’appréhendais</Unicode>
        </TextEquiv>
      </TextLine>

    
    
      <TextLine id="eSc_line_227164" >
        <Coords points="320,1627 326,1580 401,1595 448,1580 460,1593 501,1589 526,1604 552,1587 584,1600 601,1591 629,1602 642,1593 665,1606 686,1595 787,1610 817,1595 840,1612 896,1604 921,1617 955,1608 974,1614 994,1604 1013,1623 1062,1612 1077,1627 1107,1623 1128,1606 1149,1621 1177,1608 1194,1625 1254,1629 1273,1621 1326,1638 1412,1623 1433,1638 1472,1627 1501,1642 1521,1627 1563,1651 1585,1642 1723,1646 1728,1672 1717,1693 1678,1698 1664,1710 1572,1691 1523,1706 1501,1693 1469,1691 1450,1708 1427,1687 1358,1693 1348,1683 1318,1691 1241,1678 1218,1687 1190,1674 1068,1681 1043,1670 1021,1676 979,1666 827,1668 806,1659 768,1659 748,1672 718,1657 689,1664 661,1646 633,1664 601,1657 588,1666 578,1655 556,1666 520,1649 448,1657 428,1640 407,1655 324,1651"/>
        <Baseline points="322,1629 405,1629 428,1634 590,1632 765,1642 851,1640 923,1644 968,1651 1090,1646 1143,1657 1203,1657 1324,1661 1376,1668 1465,1666 1510,1672 1536,1672 1561,1678 1608,1674 1728,1674"/>
        <TextEquiv>
          <Unicode>pour cet homme d&#39;une activité si généreuse, une lente agonie</Unicode>
        </TextEquiv>
      </TextLine>

    
    
      <TextLine id="eSc_line_227152" >
        <Coords points="315,1698 320,1664 407,1664 435,1674 465,1655 509,1676 539,1664 567,1683 582,1685 597,1672 627,1676 644,1693 665,1681 704,1676 791,1689 827,1678 844,1689 885,1691 994,1687 1049,1702 1070,1687 1126,1693 1147,1713 1184,1691 1213,1713 1271,1700 1344,1715 1388,1708 1408,1717 1420,1708 1444,1728 1459,1715 1497,1721 1512,1708 1553,1717 1589,1704 1623,1723 1655,1715 1674,1747 1666,1777 1625,1789 1576,1779 1529,1789 1512,1777 1495,1789 1478,1774 1459,1781 1440,1764 1414,1785 1397,1768 1358,1766 1326,1785 1297,1762 1252,1772 1220,1753 1173,1757 1147,1747 1085,1760 1051,1740 1021,1745 998,1762 970,1749 908,1742 881,1766 855,1742 846,1751 812,1736 797,1745 789,1736 763,1738 750,1725 701,1745 674,1721 635,1749 612,1734 595,1751 565,1732 541,1732 509,1749 492,1732 416,1736 379,1730 360,1715 317,1728"/>
        <Baseline points="317,1700 396,1700 497,1710 635,1708 750,1719 881,1717 908,1719 932,1728 1073,1725 1149,1734 1252,1734 1442,1742 1521,1753 1676,1749"/>
        <TextEquiv>
          <Unicode>d&#39;impuissance. Je respire pour lui en apprenant qu’il est</Unicode>
        </TextEquiv>
      </TextLine>

    
    
      <TextLine id="eSc_line_227159" >
        <Coords points="332,1777 334,1742 364,1749 390,1730 413,1742 443,1736 465,1749 526,1747 554,1757 567,1747 605,1757 706,1757 740,1734 789,1762 795,1785 789,1815 742,1813 721,1828 697,1813 650,1821 586,1800 556,1821 522,1798 488,1811 458,1804 448,1815 416,1800 334,1802"/>
        <Baseline points="334,1779 484,1779 533,1787 797,1787"/>
        <TextEquiv>
          <Unicode>sauvé de ce supplice.</Unicode>
        </TextEquiv>
      </TextLine>

    
    
      <TextLine id="eSc_line_227154" >
        <Coords points="729,1862 733,1832 763,1828 812,1838 829,1824 864,1843 945,1845 966,1830 983,1843 1002,1832 1030,1847 1049,1830 1066,1845 1113,1838 1137,1856 1173,1847 1194,1830 1213,1853 1230,1841 1275,1860 1344,1853 1405,1868 1491,1866 1533,1881 1563,1862 1576,1875 1585,1868 1606,1877 1627,1862 1653,1875 1691,1864 1704,1873 1708,1900 1702,1932 1672,1928 1664,1937 1638,1932 1604,1943 1585,1928 1548,1934 1531,1917 1497,1939 1461,1934 1450,1922 1442,1930 1431,1920 1408,1930 1354,1920 1335,1937 1314,1922 1299,1932 1280,1913 1243,1926 1226,1909 1194,1907 1171,1920 1139,1898 1111,1907 1105,1900 1085,1913 1058,1898 1028,1911 987,1892 949,1900 902,1892 868,1905 844,1890 748,1892 731,1883"/>
        <Baseline points="730,1864 765,1862 827,1873 925,1870 1015,1881 1090,1881 1115,1877 1158,1885 1224,1890 1252,1885 1322,1898 1472,1896 1544,1907 1710,1902"/>
        <TextEquiv>
          <Unicode>Dès mon arrivée à New-York j&#39;avais écrit à</Unicode>
        </TextEquiv>
      </TextLine>

    
    
      <TextLine id="eSc_line_227151" >
        <Coords points="315,1926 320,1873 354,1890 490,1888 522,1898 578,1896 586,1905 699,1905 708,1913 759,1900 780,1915 812,1905 827,1915 868,1907 910,1917 934,1911 951,1926 964,1915 989,1920 1017,1909 1028,1920 1128,1920 1141,1930 1162,1920 1201,1939 1245,1928 1269,1941 1286,1928 1314,1941 1350,1932 1369,1949 1433,1930 1484,1952 1533,1930 1574,1964 1593,1947 1627,1949 1638,1962 1708,1949 1717,1981 1710,2001 1664,2016 1640,1996 1591,2011 1568,1990 1546,2009 1514,2001 1489,2013 1472,1998 1450,1998 1435,2011 1418,1996 1390,2011 1326,1990 1288,2001 1258,1986 1220,1986 1188,1998 1169,1981 1132,1981 1122,1990 1102,1975 1053,1986 1004,1971 945,1986 921,1969 846,1966 834,1977 782,1962 761,1977 729,1962 674,1979 659,1966 578,1954 529,1964 520,1956 475,1956 462,1945 433,1956 386,1947 371,1960 320,1943"/>
        <Baseline points="315,1926 345,1922 441,1922 512,1932 629,1930 676,1941 755,1941 782,1937 861,1949 1002,1947 1058,1960 1083,1956 1132,1958 1179,1966 1256,1964 1348,1975 1497,1973 1540,1981 1717,1981"/>
        <TextEquiv>
          <Unicode>Madame CARNEGIE pour tenter de la voir et lui demander de ses</Unicode>
        </TextEquiv>
      </TextLine>

    
    
      <TextLine id="eSc_line_227155" >
        <Coords points="324,1998 328,1962 352,1971 407,1956 418,1966 428,1958 462,1969 480,1960 494,1973 524,1975 535,1966 556,1977 584,1973 633,1984 661,1973 721,1992 738,1981 802,1988 827,1977 840,1986 883,1981 936,1994 1122,1992 1139,2003 1154,1994 1188,2009 1252,2007 1269,2018 1322,2007 1367,2020 1401,2009 1442,2035 1463,2018 1523,2018 1550,2035 1585,2020 1604,2028 1621,2013 1640,2028 1657,2016 1681,2033 1687,2054 1681,2084 1649,2077 1634,2090 1582,2073 1570,2084 1525,2082 1489,2099 1461,2099 1435,2073 1420,2082 1324,2067 1284,2073 1267,2060 1243,2069 1233,2058 1203,2065 1062,2041 1041,2052 974,2043 940,2054 925,2039 900,2054 889,2043 868,2048 851,2039 800,2050 780,2037 770,2045 725,2024 706,2035 637,2039 603,2037 578,2018 552,2037 522,2030 509,2041 492,2028 420,2020 377,2028 343,2018 326,2024"/>
        <Baseline points="324,1998 501,1998 554,2007 625,2007 691,2016 797,2016 823,2022 853,2022 878,2028 928,2024 1096,2035 1173,2033 1286,2043 1333,2041 1384,2052 1610,2050 1687,2054"/>
        <TextEquiv>
          <Unicode>nouvelles. Comme toujours cete femme de devoir, qui a été</Unicode>
        </TextEquiv>
      </TextLine>

    
    
      <TextLine id="eSc_line_227153" >
        <Coords points="320,2069 324,2028 356,2026 381,2043 411,2033 437,2045 473,2030 531,2050 561,2041 582,2060 605,2050 618,2054 633,2041 648,2054 680,2056 693,2048 712,2058 744,2048 774,2060 846,2065 957,2054 974,2067 996,2058 1028,2069 1041,2058 1064,2071 1124,2077 1145,2060 1181,2082 1241,2077 1277,2101 1292,2086 1320,2090 1333,2082 1371,2099 1405,2094 1429,2080 1452,2101 1491,2103 1512,2088 1570,2109 1625,2101 1644,2107 1683,2094 1715,2105 1719,2126 1713,2158 1698,2169 1651,2154 1600,2173 1565,2146 1550,2156 1482,2152 1472,2163 1461,2156 1425,2167 1378,2135 1303,2152 1284,2137 1260,2146 1233,2135 1113,2124 1066,2122 1053,2131 1045,2122 1013,2122 996,2135 928,2109 866,2120 853,2107 836,2122 821,2109 780,2105 710,2124 689,2109 672,2116 648,2105 590,2109 582,2101 548,2112 516,2088 499,2099 439,2103 373,2090 332,2101 324,2092"/>
        <Baseline points="320,2071 349,2077 544,2075 631,2086 744,2086 806,2094 994,2094 1043,2103 1115,2099 1143,2109 1213,2109 1280,2118 1333,2118 1416,2129 1721,2129"/>
        <TextEquiv>
          <Unicode>vraiment sa compagne et sa collaboratrice, m’a répondu exacte-</Unicode>
        </TextEquiv>
      </TextLine>

    
    
      <TextLine id="eSc_line_227150" >
        <Coords points="330,2144 334,2116 356,2101 462,2109 488,2126 512,2112 522,2120 556,2114 590,2126 616,2107 633,2124 827,2131 866,2148 904,2133 932,2141 1058,2139 1111,2144 1124,2154 1186,2152 1216,2167 1260,2150 1290,2165 1373,2161 1397,2178 1420,2165 1465,2173 1486,2161 1504,2176 1521,2167 1548,2180 1570,2171 1617,2178 1657,2158 1676,2171 1725,2176 1732,2197 1721,2233 1704,2222 1672,2242 1657,2229 1634,2242 1619,2225 1593,2237 1568,2225 1512,2227 1478,2252 1442,2222 1363,2235 1348,2220 1331,2229 1309,2216 1239,2235 1201,2212 1190,2220 1175,2205 1154,2212 1113,2195 1077,2214 1062,2199 1026,2210 1013,2197 970,2193 938,2205 900,2188 866,2203 827,2193 800,2199 785,2188 755,2203 731,2184 680,2184 669,2193 642,2176 625,2184 595,2173 567,2188 550,2173 507,2173 465,2186 435,2165 418,2180 386,2165 366,2178 334,2167"/>
        <Baseline points="332,2144 424,2144 529,2154 665,2152 780,2163 857,2161 881,2163 904,2171 1004,2171 1073,2180 1143,2180 1348,2197 1393,2195 1529,2205 1629,2205 1734,2199"/>
        <TextEquiv>
          <Unicode>ment et affectueusement, regrettant son absence de New-York, et</Unicode>
        </TextEquiv>
      </TextLine>

    
    
      <TextLine id="eSc_line_227156" >
        <Coords points="66,2318 70,2280 83,2269 110,2295 130,2278 166,2293 179,2282 192,2289 209,2274 243,2297 270,2276 300,2299 328,2289 360,2297 386,2280 435,2297 454,2280 469,2295 501,2278 531,2301 580,2293 595,2304 625,2286 642,2297 659,2289 733,2297 759,2310 782,2310 800,2295 823,2314 842,2312 857,2297 876,2304 908,2278 934,2308 947,2301 964,2318 981,2308 994,2316 1004,2306 1045,2306 1064,2325 1079,2318 1128,2333 1137,2327 1141,2357 1134,2385 1120,2397 1109,2387 1092,2397 1073,2376 1041,2378 1019,2393 1002,2374 974,2376 951,2359 902,2404 868,2368 857,2376 849,2365 814,2370 797,2355 755,2365 704,2361 680,2374 663,2355 616,2361 603,2350 565,2359 480,2350 450,2374 439,2365 424,2370 379,2342 349,2357 311,2342 275,2376 243,2348 219,2361 202,2342 183,2342 155,2365 132,2340 87,2350 68,2331"/>
        <Baseline points="68,2321 174,2321 992,2350 1142,2359"/>
        <TextEquiv>
          <Unicode>à Monsieur le Président Nicholas Murray BUTLER.</Unicode>
        </TextEquiv>
      </TextLine>

    
    </TextRegion>
    
  </Page>
</PcGts>
