1920 2560
878 128 1036 213 - 3 -
194 390 1269 520 XXXX s'il ne peut pas être copié à temps.
443 307 1836 462 Je vous envoie ce journal par courrier ou par le prochain
1149 326 1222 377 ££
213 576 1730 701 nos amis, l'interprète des sentiments de gratitude que vous y
435 501 1811 620 Je vous prie d'être, auprès de vos collaborateurs et de
215 663 695 755 trouverez exprimés.
437 755 1147 851 Votre affectueusement dévoué,
14 925 945 1060 Monsieur le Président N. Murray BUTLER
1034 853 1670 972 ££
224 1030 439 1124 NEW YORK
