1920 2560
889 89 1026 219 - 2 -
256 264 1753 369 l’Angleterre, afin de ne faire mon voyage que bien d’accord avec
251 354 1734 445 mon Gouvernement et sans mystère pour le Foreign office. Après
249 435 1725 531 quoi, j’ai pris mon train et goûté la mélancolie et le recueil-
249 509 1608 603 lement bienfaisant d’un voyage solitaire. J'ai trouvé en
247 597 1728 682 arrivant un mot de Lord Robert Cecil me convoquant pour le len-
247 676 1642 770 demain Lundi à 3 heures, au siège provisoire de la Ligue ou
249 755 1728 849 Société des Nations, 17 Piccadilly, annexe de Sunderland House.
258 834 1657 934 Cela m’a donné le temps de voir, à l’Ambassade, notre chargé
249 917 1764 1004 d’affaires, M. de Fleuriau , qui s’intéresse sincèrement, quoique
245 992 1681 1083 diplomate, à la Société des Nations et j’ai déjeuné avec lui.
243 1070 1734 1166 Il m'a conduit ensuite à Sunderland House. Je voulais constater
241 1152 1538 1245 de mes yeux que le rêve d’avant la guerre se réalisait.
667 1233 1728 1318 La réalisation est ambitieuse et de bon augure
249 1307 1717 1393 pour l’avenir. Quelle différence avec les pauvres débuts de la
249 1386 1717 1472 Cour de La Haye ! La Société des Nations est, -provisoirement,-
241 1457 1774 1553 logée dans l'un des plus beaux palais de Londres, et quel palais ?
249 1540 1678 1634 Ironie de la destinée ou signe des temps ? Peu importe, c’est
256 1612 1689 1704 celui du duc de Marlborough, le vainqueur du Roi Louis XIV, le
249 1689 1738 1781 héros légendaire de notre vieille chanson "Malbrouck s’en va-t-en
870 1749 972 1800 est
251 1768 1732 1858 guerre !" Et ce vaste palais, déjà trop petit, les services de la
238 1838 1687 1937 nouvelle organisation entendant si bien l'occuper qu'il a fallu
249 1915 1738 2011 lui adjoindre un autre immeuble, celui où Lord Robert Cecil s’est
266 1990 906 2075 tant bien qu/e mal installé.
650 2067 1717 2163 Je n'en croyais pas mes yeux. Quel changement,
249 2137 1623 2235 pour qui connaît bien Londres et les Anglais ! Dans l'un des
