1920 2560
992 96 1134 185 - 3 -
305 236 1836 356 c’est dur ! C’est ce que je viens encore de faire hier au Mans,
298 324 1787 430 à mon conseil Général. J'ai fait adopter des voeux, non sans
296 407 1817 514 peine. J'ai signalé des monstruosites qu'on accepte comme des
313 492 1858 601 inconvénients naturels, par exemple l’état d’abandon de milliers
302 576 1836 699 d’automobiles américaines, en plein air, depuis des mois, alors
307 665 1092 763 que nous en aurions tant besoin.
759 748 1898 857 Voici l’exposé de ce dernier voeu, -ab uno disce
313 827 1706 930 omnes: - celui-là se rattache directement à mon voyage aux
305 906 1815 1017 Etats-Unis ; il vous édifiera sur l'énormité de l'effort qu'il
324 987 1845 1096 faudrait poursuivre pour libérer la France du joug de la routine
313 1066 1066 1160 et de l'égoïsme réactionnaires.
1092 1211 1785 1322 Votre affectueusement dévoué,
1120 1280 1661 1414 ££ ££ ££
138 1563 1248 1691 à Monsieur le Président Nicholas Murray BUTLER,
608 1668 832 1738 NEW-YORK.
128 2024 377 2105 1 annexe.
