1920 2560
91 196 384 377 SÉNAT
853 172 1216 309 LETTRE N° 559.
1211 373 1736 439 CREANS, 21 Août 1919.
659 554 1329 667 MON RETOUR DES ETATS-UNIS.
992 785 1408 855 Mon cher Butler,
753 968 1873 1090 Je vous ai envoyé le journal de mon voyage aux
300 1034 1777 1166 Etats-Unis et j'y ai ajouté, en post-scriptum, quelques indi-
305 1132 1828 1250 cations sur le bon accueil qe j’ai recu et sur les devoirs nom-
309 1213 1751 1322 breux que j'ai trouvés accumulés devant moi à mon retour en
305 1292 480 1373 France.
401 1358 1751 1489 ££ ££ ££ On m'a demandé de me rendre à Londres pour
296 1444 1845 1570 y voir nos amis Anglais et notamment Lord Robert Cecil, dont j’ai
300 1527 1785 1651 connu jadis toute la famille, à Hatfield, du temps de son père
305 1612 1689 1730 Lord Salisbury. Les Anglais ont conservé leur tempérament
305 1685 1747 1813 insulaire. Il fau/t pourtant qu’ils arrivent à concevoir une
294 1764 1651 1879 Société des Nations qui ne soit pas anglaise seulement ou
305 1841 1751 1960 anglo-saxonne, mais universelle. C’est là que sera, bien plus
300 1917 1804 2026 qu'aux Etats-Unis, la difficulté. J'ai accepté, en principe, de
307 1992 1725 2112 faire ce voyage et vais demander un rendez-vous à Lord Robert
309 2060 1045 2156 Cecil pour la semaine prochaine.
731 2148 1755 2257 Je suis aujourd'hui dans la Sarthe et j'y ai
81 2293 1143 2406 à Monsieur le Président Nicholas Murray BUTLER.
