1920 2560
853 130 994 215 - 2 -
202 256 1813 392 maire de CHICACO, Gouverneur de l'Illinois, Mr. STUNNE, et du com-
213 356 1781 477 mandant de la SAVOIE. Un officier a lu, conformément au programme
213 437 1811 565 ci-joint de la cérémonie, le texte de la déclaration de l’Indépen-
206 522 1830 642 cance; une dame française a chanté la MARSEILLAISE, une autre a ré-
198 608 1847 748 pondu par l’hymne américain, repris en choeur par toute l’assistance.
460 695 1806 804 M. WALSH, personnalité respectée des Etats-Unis, a fait
196 770 1768 891 alors un très éloquent et très utile discours sur le bienfait de
204 846 1819 985 l’accord franco-américain, dans le passé, dans le présent et l’ave-
187 930 290 1000 nir.
462 1015 1826 1130 J’ai répondu dans le même sens en profitant de la présen-
174 1090 1811 1220 ce des jeunes officiers et soldats américains qui regagnaient leurs
196 1171 1719 1299 foyers pour leur exprimer la gratitude de la France. C'était un
179 1256 1728 1382 spectacle imposant que celui de cette jeunesse heureuse d’avoir
170 1331 1753 1463 tout sacrifié et d’avoir franchi l'océan pour s'offrir au service
177 1408 1777 1542 désintéressé de la France, et toute prête à recommencer, au besoin.
187 1495 1717 1614 Je leur ai parlé de leurs mères qui les attendaient et de celles
160 1574 1760 1698 aussi qui ne verraient pas revenir leurs fils mais qui auraient du
183 1655 1762 1785 moins la consolation de les avoir consacrés au salut de la liberté
174 1734 1762 1862 du monde et au rétablissement de la paix que nous avions tout fait
170 1806 516 1890 pour maintenir.
430 1898 1753 2013 Malheureusement le temps, qui s’était annoncé très beau
153 1960 1676 2097 la veille, pendant la préparation de la fête, s'est gâté ; c’est
157 2050 1728 2173 assez fortement secoué, arrosé de pluie et d’embruns, que j’ai dû
151 2129 1734 2257 prononcer mon discours, plus acrobatique qu’éloquent, en anglais et
