1920 2560
866 136 1196 243 LETTRE N° 564.
55 209 326 326 SÉNAT
1134 292 1757 424 CRÉANS, 12 Septembre 1919.
608 516 1316 627 LA BIBLIOTHEQUE DE REIMS .
949 729 1339 823 Mon cher Butler,
601 919 1725 1011 En réponse à vos lettres récentes et notamment à
238 998 1753 1094 celle de Haskell du 11 du mois dernier, concernant l'attribution
249 1088 1751 1179 par la Dotation Carnegie d'une somme de 500.000 francs au profit
247 1160 1638 1260 d’une œuvre de reconstruction en France, je ne puis que me
256 1245 1717 1344 référer à la lettre du maire de Reims que je vous ai transmise
245 1331 1329 1425 sous le N° 532, le 27 Mai 1919, en l'appuyant.
588 1414 1698 1499 M. Langlet demandait un secours pour la recons-
258 1489 1674 1587 truction de la Bibliothèque de Reims. J'en ai parlé à M.Léon
249 1565 1698 1655 Bourgeois, sénateur du Département de la Marne et Président de
251 1642 1734 1734 la Commission des Régions Libérées. Il m'a répondu que la ville
249 1717 1700 1809 de Reims lui paraissait tout à fait qualifiée pour recevoir un
256 1794 1734 1885 secours d’une grande institution, et particulièrement d’une Uni-
266 1868 1728 1960 versité américaine. Ce secours aura un caractère à la fois his-
256 1947 1638 2035 torique, scientifique et vraiment symbolique de protestation
251 2024 1316 2103 contre les barbares destructions de la guerre.
608 2094 1629 2188 Si vous décidez que la ville de Reims sera la
91 2254 1177 2363 à Monsieur le Président Nicholas Murray BUTLER.
