1920 2560
891 83 1047 230 - 3 -
221 213 1804 384 de la France le point d’arrivée et le passage de tout le transit
215 309 1802 462 d’outre-Océan! Cette incompréhension de notre intérêt national
204 392 1862 558 est un scandale que j’ai dénoncé maintes fois ; je n'y reviens pas.
791 509 1798 635 Le charbon s'est raréfié en Europe, mais
211 567 1828 723 il abonde aux Etats-Unis. Là un outillage incomparable dont nous
194 654 1732 800 persistons à ne pas vouloir tenir compte, l’accumule dans les
198 738 1802 906 ports. Un seul homme et, à défaut d'un homme, une seule machine,
204 825 1792 981 charge 500 grands wag/ons metalliques de charbon en huit heures.
202 906 1777 1064 Il est impossible qu'en face de telles simplifications et malgré
187 992 1830 1154 le prix très élevé de la main-d'œuvre américaine, nous continuions
194 1073 1632 1237 à prétendre que le charbon américain(s) n’existe pas pour la
194 1164 1798 1329 France, alors qu’il suffit de trouver des bateaux pour l’importer.
768 1277 1777 1410 La vérité est que toute notre production,
185 1333 1806 1495 tout notre commerce, toute notre vie nationale et hier encore notre
196 1412 1734 1578 défense nationale, sont fonction d’une bonne organisation de nos
187 1495 469 1591 transports.
759 1610 1710 1736 Notre parti-pris de négliger nos moyens
166 1661 1685 1809 de transports est depuis trop longtemps systématique. Pour ne
157 1738 1704 1894 parler que de la Sarthe, le Conseil Général se rappelle les pro-
162 1819 1636 1973 testations dont je n’ai cessé de le saisir, depuis longtemps,
168 1894 1738 2050 quant à l’abandon de certaines lignes essentielles de notre réseau
153 1973 1644 2129 de tramways. Exemple : le tramway du Lude à Pontvallain. Autre
151 2052 1657 2203 exemple : celui-là invraisemblable ; le tramway de Foulletourte à
153 2124 1708 2286 la gare de La Flèche ; deux ponts metalliques franchissant le Loir,
