1920 2560
913 91 1267 196 LETTRE N° 562.-
125 160 428 262 SÉNAT
1186 253 1828 362 En route, 3 Septembre 1919.
776 492 1350 588 MON VOYAGE à LONDRES.
582 597 1623 699 LE PALAIS DE LA SOCIÉTÉ DES NATIONS .
1002 846 1401 936 Mon cher Butler,
731 1068 1766 1162 J'ai pu m’en tenir, heureusement, à mon pro-
296 1143 1676 1239 gramme et limiter mon séjour à Londres à deux journées bien
288 1224 1751 1337 remplies. Arrivé Dimanche soir, je repars ce mercredi matin et
290 1297 994 1395 je ne regrette pas mon voyage.
740 1384 1806 1476 Je n’avais quitté Créans qu’après avoir préparé
290 1452 1751 1555 pour mon proche retour toute une série très compliquée d’itiné-
288 1540 1693 1629 raires de visites, de conférences et de réunions nécessaires
298 1608 1721 1706 pour mener à bonne fin les rudes campagnes électorales d’après
298 1683 1704 1781 guerre qui m’attendent et vont tomber toutes les unes sur les
296 1753 1802 1860 autres cet automne, (élections Municipales, cantonales, législati ££
305 1832 1706 1930 départementales, sans compter les comices agricoles, les fêtes
296 1909 1787 2005 patriotiques de la démobilisation, etc.... etc....). En traversant
290 1979 1728 2077 Paris, j’ai dîné en tête à tête chez Léon Bourgeois. Rapporteur
305 2052 1749 2152 général du traité de paix et soutenu par la presque unanimité du
305 2126 1676 2229 Sénat, il a pu mieux que personne me mettre bien au fait : le
309 2199 1646 2299 lendemain matin j’ai vu Stéph. Pichon et le chargé d’affaires
106 2306 1139 2395 à Monsieur le Président Nicholas Murray BUTLER.
