1920 2560
896 53 1077 153 - 4 -
249 241 1811 366 par l’incomparable beauté de la duchesse actuelle, Consuelo, que
232 339 1804 443 je vois encore dans le cercle du Roi Edouard en 1903, avant les
245 420 1817 529 débuts de l’Entente Cordiale. Elle était du petit nombre de ces
251 499 1728 608 belles Anglaises d’origine ou naturalisées, auxquelles il ne
245 586 1700 691 manquait, dans leurs salons de grand style, que leur propre
245 672 1717 776 portrait peint par Gainsborough, Reynolds ou Romney ; chacune
247 759 1787 859 d’elles était son propre portrait vivant ; elles représentaient
249 838 1691 940 un pays, une race, une classe, une époque et par excellence
245 917 1749 1032 l’aristocratie anglaise, l'aristocratie où les femmes ont joué
256 996 1768 1111 de tout temps un rôle si actif dans les affaires d'Etat. Je me
249 1088 1730 1198 souviens notamment que la duchesse de Marlhorough, au mois de
247 1160 1777 1286 Juillet 1903, était, à Maidenhead, l'une des invitées du Samedi
238 1243 1700 1363 au Lundi, dans l’élégante maison de campagne où la belle Mrs
256 1320 1728 1452 Taplow, grande amie du Roi, m’avait convié pour rencontrer la
247 1408 1689 1536 charmante Mme. Chamberlain, (autre Américaine), et son mari.
245 1489 1687 1629 C’est là que Chamberlain tint à revenir sur les déclarations
228 1582 1770 1706 que nous avions échangées l'avant-veille, au grand banquet de la
228 1653 1785 1785 Chambre des Communes et où, en présence des chefs des deux partis,
232 1734 1745 1860 A. Balfour et Campbell Pannermann, au lendemain de la guerre du
230 1809 1723 1941 Transvaal, je l’avais amicalement traité non pas d’enfant, mais
232 1892 1745 2018 "d'homme terrible, du Parlement anglais. Ces dames nous avaient
228 1971 1655 2099 laissés, lui et moi, en tête à tête, après le lunch et, pour
219 2043 1785 2173 donner une sanction précise à mes efforts de rapprochement franco-
241 2126 1664 2246 anglais, c’est là qu’il accepta , sans la moindre résistance
228 2212 1804 2331 les deux fameuses conditions que je proposais de l’entente cordiale:
