1920 2560
919 138 1070 238 - 9 -
294 275 1770 381 les Nations. Il a tenu à bien rappeler les efforts qu’il avait
288 362 1728 462 faits pour collaborer personnellement avec M. Léon Bourgeois,
288 448 1747 537 regrettant de n’avoir pas mieux réussi dans ces efforts, faute
279 524 1824 622 sans doute d'un trait d’union entre leurs deux ignorances, l'un de
292 601 1664 695 l'anglais l’autre du français, puis il m'a déclaré que les
279 686 1732 782 palais où la Société des Nations était installé(e) à Londres n'é-
300 759 1698 859 taient que des campements provisoires, analogues à ce qu’ils
288 842 1734 945 avaient été pour l’administration de la guerre ; il ne demande
288 915 1792 1028 qu’à presser l’installation à Genève de la nouvelle organisation.
288 998 1745 1109 Il attend, comme nous, impatiemment la ratification américaine.
290 1077 1762 1188 Il m'a interrogé attentivement sur les impressions de mon récent
288 1156 1719 1273 voyage en Amérique. Je ne lui ai pas caché que la déception y
281 1228 1813 1361 était grande, parmi nos amis, quant aux résultats de la Conférence,
273 1307 1794 1435 et, pour résumer bien nettement ce que signifiait cette déception,
270 1386 1774 1510 je n'ai pas hésité à lui dire que les Anglais n’avaient pas inté-
266 1454 1755 1595 rêt à passer aux yeux du monde pour "les grands profiteurs de la
270 1542 1809 1668 guerre". Lord Robert Cecil a reconnu, avec tristesse, que beaucoup
262 1619 1685 1753 de personnes en effet parlaient ainsi, mais qu’il chercherait
878 1608 1184 1676 et pensaient
260 1696 1813 1824 pour sa part, à leur donner tort. Je lui ai donné comme un exemple,
270 1764 1640 1896 d’ailleurs répugnant, de l'état d’esprit dont je parlais, le
273 1843 1644 1971 discours que venait de prononcer M. Knox, devant le Sénat de
256 1917 1768 2052 Washington, pour préconiser cyniquement une amitié cordiale franco-
256 1992 1753 2124 allemande ; comme si la guerre n’avait laissé chez nous ni deuils,
256 2058 1719 2212 ni désastres irréparables. J'ai laissé entendre que les Anglais
256 2137 1685 2276 n’avaient pas intérêt à encourager une aussi démoralisante con-
256 2214 1077 2323 clusion de la guerre. Etc... etc....
