<?xml version="1.0" encoding="UTF-8"  standalone="yes"?>
<PcGts xmlns="http://schema.primaresearch.org/PAGE/gts/pagecontent/2019-07-15" xmlns:xsi="http://www.w3.org/2001/XMLSchema-instance" xsi:schemaLocation="http://schema.primaresearch.org/PAGE/gts/pagecontent/2019-07-15 http://schema.primaresearch.org/PAGE/gts/pagecontent/2019-07-15/pagecontent.xsd">
  <Metadata>
	<Creator>escriptorium</Creator>
	<Created>2021-03-18T09:47:09.621482+00:00</Created>
    <LastChange>2021-03-18T09:47:09.621503+00:00</LastChange>
  </Metadata>
  <Page imageFilename="P1190706.JPG" imageWidth="1920" imageHeight="2560">

    

    
    <TextRegion id="eSc_dummyblock_">
    
    
      <TextLine id="eSc_line_227987" >
        <Coords points="827,181 829,155 840,147 864,142 881,153 947,138 964,147 1002,119 1036,125 1062,100 1122,130 1149,119 1175,142 1201,147 1207,174 1201,196 1162,221 1088,217 1077,230 1041,217 1006,219 996,228 945,224 932,236 919,224 887,236 868,226 832,228"/>
        <Baseline points="827,181 1132,172 1207,174"/>
        <TextEquiv>
          <Unicode>LETTRE N° 566 .</Unicode>
        </TextEquiv>
      </TextLine>

    
    
      <TextLine id="eSc_line_227988" >
        <Coords points="83,245 85,224 121,187 160,221 183,198 202,213 247,211 258,221 347,211 362,241 358,277 339,292 315,288 298,298 279,285 238,294 209,288 187,300 170,290 153,300 125,288 87,315"/>
        <Baseline points="85,246 281,246 364,243"/>
        <TextEquiv>
          <Unicode>SÉNAT</Unicode>
        </TextEquiv>
      </TextLine>

    
    
      <TextLine id="eSc_line_227989" >
        <Coords points="1188,337 1194,300 1239,307 1275,275 1361,320 1403,294 1425,307 1450,283 1474,307 1504,302 1540,277 1600,313 1623,300 1651,322 1689,320 1702,330 1734,311 1757,328 1777,324 1813,347 1817,375 1809,403 1798,392 1717,386 1698,369 1685,379 1614,362 1380,356 1190,362"/>
        <Baseline points="1190,339 1220,337 1504,336 1612,343 1659,345 1698,354 1818,377"/>
        <TextEquiv>
          <Unicode>CREANS, 16 Septembre 1919.</Unicode>
        </TextEquiv>
      </TextLine>

    
    
      <TextLine id="eSc_line_227990" >
        <Coords points="697,546 699,505 723,524 765,492 780,501 793,494 849,522 878,501 915,514 942,505 972,518 1011,501 1047,518 1070,494 1096,518 1109,507 1160,507 1171,497 1211,516 1220,507 1245,512 1267,490 1288,505 1316,484 1371,512 1418,516 1431,503 1446,512 1463,501 1472,550 1461,595 1100,590 936,593 925,601 889,593 874,608 838,590 808,593 797,603 785,593 765,603 748,593 699,595"/>
        <Baseline points="697,546 738,552 891,552 913,546 957,550 1472,550"/>
        <TextEquiv>
          <Unicode>LA FETE DE CLERMONT-CRÉANS .</Unicode>
        </TextEquiv>
      </TextLine>

    
    
      <TextLine id="eSc_line_227991" >
        <Coords points="998,797 1002,763 1056,768 1107,759 1126,776 1152,761 1162,772 1196,765 1222,778 1237,763 1250,772 1273,761 1320,765 1335,778 1403,765 1416,774 1420,800 1414,829 1390,851 1354,829 1341,840 1286,829 1169,838 1120,829 1105,844 1088,829 1066,838 1036,829 1000,838"/>
        <Baseline points="998,797 1109,806 1363,806 1420,800"/>
        <TextEquiv>
          <Unicode>Mon cher Butler,</Unicode>
        </TextEquiv>
      </TextLine>

    
    
      <TextLine id="eSc_line_227992" >
        <Coords points="576,1000 580,966 631,977 686,968 716,977 787,974 800,987 814,974 855,974 874,989 904,968 919,979 1021,981 1058,1002 1079,985 1198,985 1211,996 1226,981 1294,985 1312,1000 1341,977 1373,992 1390,979 1403,989 1435,981 1448,994 1474,994 1491,1011 1518,985 1550,996 1568,985 1580,998 1597,987 1644,989 1661,1000 1710,992 1725,1002 1747,992 1751,1024 1742,1056 1574,1045 1538,1056 1489,1030 1459,1051 1435,1043 1324,1043 1307,1026 1292,1041 1230,1041 1209,1028 1179,1047 1169,1038 1154,1051 1124,1043 1109,1058 1064,1028 1036,1047 1019,1030 957,1041 936,1028 896,1032 874,1011 840,1032 817,1032 800,1017 774,1030 727,1034 669,1026 650,1043 627,1021 578,1024"/>
        <Baseline points="576,1002 823,1000 851,1004 932,1006 957,1011 1201,1012 1303,1013 1341,1019 1523,1017 1629,1026 1753,1026"/>
        <TextEquiv>
          <Unicode>La pierre de touche, avant les luttes électorales</Unicode>
        </TextEquiv>
      </TextLine>

    
    
      <TextLine id="eSc_line_228010" >
        <Coords points="241,1068 245,1043 294,1032 439,1047 475,1036 488,1045 520,1041 627,1058 652,1045 676,1056 723,1049 740,1062 778,1053 817,1073 840,1056 917,1058 972,1066 996,1081 1038,1049 1073,1068 1111,1060 1154,1079 1201,1068 1233,1077 1254,1064 1314,1079 1358,1058 1401,1085 1454,1070 1467,1083 1533,1083 1565,1064 1621,1102 1651,1081 1668,1085 1678,1077 1700,1090 1719,1079 1749,1090 1785,1079 1811,1083 1817,1115 1811,1139 1792,1149 1725,1141 1700,1152 1683,1139 1666,1147 1625,1126 1604,1143 1555,1132 1457,1137 1399,1115 1318,1143 1284,1124 1269,1122 1248,1137 1222,1115 1201,1130 1152,1111 1126,1132 1115,1126 1079,1149 1013,1109 957,1145 928,1141 898,1113 840,1115 823,1102 802,1115 757,1111 738,1128 714,1111 682,1113 669,1105 625,1113 605,1128 565,1128 529,1100 501,1100 458,1124 416,1120 388,1096 356,1092 337,1100 322,1090 302,1105 288,1094 245,1102"/>
        <Baseline points="243,1070 418,1075 448,1079 678,1077 704,1081 814,1088 928,1085 1026,1096 1243,1094 1314,1105 1478,1102 1540,1109 1561,1115 1587,1111 1704,1111 1728,1115 1819,1117"/>
        <TextEquiv>
          <Unicode>qui se préparent dans la Sarthe, était ma propre commune, Clermont-,</Unicode>
        </TextEquiv>
      </TextLine>

    
    
      <TextLine id="eSc_line_228005" >
        <Coords points="232,1147 245,1117 283,1122 302,1109 324,1124 375,1126 388,1137 420,1120 452,1130 475,1115 546,1134 599,1126 691,1141 725,1124 759,1141 802,1141 812,1149 842,1137 881,1156 910,1134 987,1147 1004,1162 1060,1137 1081,1154 1141,1152 1154,1143 1164,1154 1211,1160 1335,1160 1350,1173 1382,1152 1425,1177 1442,1162 1484,1166 1495,1158 1550,1181 1572,1162 1602,1164 1621,1181 1651,1156 1700,1171 1713,1192 1691,1222 1661,1220 1638,1233 1619,1216 1570,1220 1546,1207 1504,1222 1467,1211 1440,1228 1422,1213 1399,1226 1354,1205 1309,1224 1286,1207 1248,1207 1239,1216 1209,1207 1188,1220 1143,1201 1075,1207 1062,1196 1047,1209 1004,1186 989,1198 923,1196 902,1205 878,1192 842,1201 810,1184 765,1201 733,1186 714,1188 697,1173 676,1190 659,1186 631,1209 556,1216 531,1205 460,1205 433,1186 409,1184 384,1205 358,1190 290,1201 234,1188"/>
        <Baseline points="232,1147 311,1145 403,1156 535,1154 561,1158 648,1160 674,1164 795,1162 881,1169 904,1175 930,1171 1056,1171 1139,1179 1211,1181 1361,1179 1388,1190 1533,1190 1685,1198 1713,1192"/>
        <TextEquiv>
          <Unicode>Créans, connue pour être la plus réactionnaire du pays et par</Unicode>
        </TextEquiv>
      </TextLine>

    
    
      <TextLine id="eSc_line_228006" >
        <Coords points="232,1224 245,1201 328,1205 354,1194 396,1209 465,1203 482,1216 514,1207 552,1224 593,1209 665,1222 684,1213 782,1222 795,1213 853,1224 881,1213 906,1235 936,1224 1006,1243 1021,1230 1077,1226 1085,1237 1160,1235 1213,1258 1260,1237 1294,1250 1350,1239 1376,1252 1414,1241 1440,1252 1538,1252 1568,1241 1591,1256 1642,1241 1681,1267 1698,1254 1783,1252 1794,1280 1785,1309 1734,1305 1698,1316 1659,1301 1612,1309 1591,1301 1512,1301 1486,1312 1435,1297 1390,1305 1346,1286 1331,1294 1301,1286 1286,1294 1243,1292 1211,1267 1171,1297 1158,1286 1132,1288 1088,1314 1070,1297 1060,1305 1004,1271 979,1290 966,1277 949,1284 908,1269 878,1282 857,1265 819,1292 778,1271 748,1277 708,1269 697,1277 669,1256 618,1290 597,1290 552,1262 514,1282 484,1254 379,1282 341,1267 324,1271 307,1256 285,1265 236,1250"/>
        <Baseline points="234,1226 290,1233 360,1230 458,1235 531,1241 697,1241 727,1250 910,1250 981,1258 1122,1256 1188,1265 1344,1265 1427,1275 1574,1275 1619,1271 1644,1280 1721,1280 1764,1284 1796,1280"/>
        <TextEquiv>
          <Unicode>conséquent la plus hostile à mon action. On m’annonçait les pires</Unicode>
        </TextEquiv>
      </TextLine>

    
    
      <TextLine id="eSc_line_228002" >
        <Coords points="228,1305 232,1282 247,1273 256,1284 277,1286 317,1277 424,1286 445,1277 505,1312 522,1303 535,1314 569,1288 627,1299 654,1290 672,1303 704,1290 744,1316 761,1303 817,1299 992,1312 1002,1320 1062,1309 1105,1316 1122,1331 1145,1316 1196,1331 1213,1320 1297,1320 1358,1346 1393,1322 1410,1335 1472,1331 1495,1348 1544,1331 1559,1341 1653,1344 1678,1329 1725,1341 1783,1333 1792,1361 1783,1393 1751,1395 1700,1384 1681,1393 1582,1393 1544,1380 1518,1390 1491,1373 1472,1388 1444,1386 1425,1399 1405,1382 1378,1380 1350,1393 1314,1390 1284,1376 1260,1382 1224,1373 1209,1386 1175,1386 1154,1401 1126,1403 1107,1386 1068,1403 996,1382 972,1393 885,1386 868,1376 855,1386 808,1388 795,1376 776,1382 755,1367 729,1378 708,1367 667,1376 640,1361 618,1371 539,1316 524,1316 450,1365 388,1358 360,1339 317,1356 270,1348 251,1358 232,1339"/>
        <Baseline points="229,1307 307,1307 462,1318 582,1316 657,1326 791,1324 864,1333 962,1335 1034,1344 1184,1341 1211,1350 1408,1361 1482,1358 1612,1365 1636,1369 1745,1369 1794,1363"/>
        <TextEquiv>
          <Unicode>hostilités. Tant de malheureux sont en deuil, tant d’autres sont</Unicode>
        </TextEquiv>
      </TextLine>

    
    
      <TextLine id="eSc_line_227996" >
        <Coords points="219,1390 238,1363 273,1361 288,1350 305,1365 381,1365 407,1380 439,1363 492,1373 563,1363 590,1382 601,1373 616,1386 640,1367 706,1384 757,1376 810,1397 832,1384 866,1382 876,1393 955,1386 1013,1397 1030,1384 1094,1422 1117,1403 1162,1399 1201,1410 1344,1410 1367,1429 1412,1408 1448,1422 1529,1418 1550,1429 1640,1412 1672,1435 1696,1418 1734,1420 1751,1448 1742,1476 1691,1478 1674,1469 1644,1478 1627,1467 1580,1480 1557,1472 1533,1478 1523,1469 1489,1476 1414,1459 1380,1469 1361,1454 1348,1465 1320,1461 1282,1493 1260,1497 1216,1461 1184,1459 1169,1444 1134,1459 1096,1440 1041,1478 1009,1478 919,1467 902,1452 872,1469 838,1459 774,1463 727,1433 665,1454 631,1440 616,1450 588,1448 567,1431 539,1448 505,1450 469,1437 433,1448 413,1433 352,1435 334,1425 268,1440 224,1403"/>
        <Baseline points="220,1393 445,1393 531,1403 642,1401 800,1412 849,1410 904,1422 930,1418 1049,1418 1126,1429 1192,1429 1228,1440 1354,1437 1382,1448 1425,1444 1521,1444 1542,1448 1600,1450 1753,1450"/>
        <TextEquiv>
          <Unicode>revenus mutilés, malades ou blessés, qu’on peut s’attendre à des</Unicode>
        </TextEquiv>
      </TextLine>

    
    
      <TextLine id="eSc_line_228011" >
        <Coords points="230,1472 236,1437 305,1444 320,1433 390,1448 413,1437 424,1448 462,1442 531,1454 561,1446 578,1459 650,1448 699,1461 716,1454 727,1463 836,1463 859,1480 885,1467 1004,1474 1026,1484 1088,1474 1107,1484 1141,1484 1156,1476 1177,1491 1241,1486 1260,1504 1284,1493 1309,1510 1335,1493 1448,1504 1465,1489 1486,1508 1565,1504 1580,1514 1644,1501 1698,1508 1710,1497 1728,1529 1719,1555 1704,1559 1678,1555 1638,1570 1572,1548 1514,1572 1484,1544 1420,1561 1371,1544 1348,1559 1314,1533 1294,1548 1258,1527 1230,1546 1222,1540 1198,1548 1126,1531 1088,1561 1056,1561 998,1546 960,1553 940,1542 840,1550 808,1533 763,1542 738,1536 714,1512 689,1523 625,1497 612,1506 567,1497 529,1506 507,1523 488,1523 471,1508 418,1516 398,1499 366,1518 315,1506 294,1518 281,1508 260,1512 234,1501"/>
        <Baseline points="232,1472 407,1469 456,1474 537,1478 590,1478 674,1486 772,1486 836,1497 917,1495 994,1499 1017,1506 1115,1504 1203,1514 1233,1512 1290,1521 1412,1521 1478,1531 1728,1531"/>
        <TextEquiv>
          <Unicode>manifestations d’égarement contre quiconque a exercé une action</Unicode>
        </TextEquiv>
      </TextLine>

    
    
      <TextLine id="eSc_line_228007" >
        <Coords points="213,1546 234,1516 296,1521 322,1512 358,1527 409,1523 428,1538 441,1527 537,1525 569,1542 625,1529 644,1546 691,1533 778,1546 808,1538 836,1555 902,1542 951,1548 966,1559 989,1548 1058,1563 1102,1559 1139,1580 1162,1563 1280,1572 1305,1585 1337,1580 1363,1600 1405,1576 1420,1587 1433,1578 1482,1578 1506,1600 1529,1582 1621,1600 1640,1587 1693,1591 1708,1580 1736,1585 1742,1608 1734,1636 1702,1646 1621,1634 1570,1644 1553,1629 1525,1642 1457,1642 1437,1634 1395,1636 1361,1612 1305,1632 1230,1629 1207,1646 1162,1649 1124,1644 1105,1625 1077,1636 1028,1629 1013,1640 970,1625 891,1627 827,1582 806,1597 750,1593 725,1614 695,1610 678,1595 659,1610 595,1600 548,1612 514,1587 490,1606 473,1595 458,1604 424,1576 409,1587 401,1578 373,1600 279,1582 215,1589"/>
        <Baseline points="214,1548 268,1546 384,1557 561,1557 605,1565 731,1563 806,1574 902,1572 1034,1582 1117,1591 1190,1591 1301,1600 1358,1604 1416,1608 1486,1608 1563,1617 1713,1617 1745,1610"/>
        <TextEquiv>
          <Unicode>publique avant et pendant cette longue guerre. - Afin d’en avoir</Unicode>
        </TextEquiv>
      </TextLine>

    
    
      <TextLine id="eSc_line_227999" >
        <Coords points="219,1623 224,1591 273,1595 290,1606 334,1593 396,1608 411,1597 428,1612 503,1602 541,1627 573,1604 595,1604 622,1614 648,1608 665,1621 684,1610 721,1621 738,1612 795,1638 834,1617 846,1617 872,1642 896,1627 994,1632 1013,1644 1053,1634 1107,1636 1122,1646 1213,1649 1248,1668 1269,1655 1344,1653 1358,1666 1410,1653 1425,1666 1484,1661 1536,1685 1565,1668 1640,1668 1655,1678 1706,1661 1723,1672 1728,1696 1721,1723 1710,1725 1655,1713 1602,1730 1548,1710 1514,1732 1408,1710 1282,1708 1254,1696 1220,1708 1209,1700 1141,1693 1120,1710 1102,1696 1021,1687 1011,1676 919,1691 876,1670 864,1681 808,1685 795,1674 774,1685 755,1672 672,1674 661,1666 627,1681 588,1657 554,1681 539,1668 443,1659 424,1646 409,1657 375,1661 362,1651 328,1661 288,1638 249,1655 221,1644"/>
        <Baseline points="221,1625 309,1625 360,1629 411,1634 576,1632 648,1642 740,1640 776,1651 855,1649 904,1661 932,1657 1024,1670 1045,1666 1115,1666 1171,1676 1220,1674 1269,1678 1386,1683 1408,1689 1480,1693 1696,1691 1728,1696"/>
        <TextEquiv>
          <Unicode>le coeur net, j&#39;ai fait, là comme ailleurs, mon devoir, sans me</Unicode>
        </TextEquiv>
      </TextLine>

    
    
      <TextLine id="eSc_line_228003" >
        <Coords points="219,1704 226,1676 253,1678 275,1668 302,1681 360,1672 405,1691 441,1674 473,1693 497,1678 518,1685 535,1676 576,1681 586,1691 625,1689 637,1700 665,1683 678,1693 693,1687 723,1696 738,1687 753,1700 768,1691 804,1708 878,1700 921,1732 974,1696 998,1706 1036,1700 1098,1717 1152,1710 1184,1723 1226,1713 1243,1728 1307,1725 1350,1740 1457,1736 1486,1749 1533,1738 1548,1749 1627,1740 1659,1764 1700,1738 1725,1745 1730,1764 1717,1806 1670,1800 1651,1815 1608,1802 1576,1817 1559,1802 1533,1800 1489,1802 1467,1815 1422,1792 1395,1798 1348,1783 1326,1796 1288,1783 1245,1792 1179,1770 1145,1781 1124,1772 1077,1777 1058,1762 1038,1770 974,1757 960,1768 930,1742 900,1764 872,1766 861,1755 812,1760 795,1745 748,1745 733,1757 706,1747 672,1749 661,1757 637,1736 603,1749 567,1734 522,1751 480,1723 426,1740 401,1723 371,1734 236,1728 224,1736"/>
        <Baseline points="221,1706 283,1706 307,1710 524,1708 654,1719 727,1728 800,1728 878,1734 970,1736 1028,1745 1085,1745 1164,1753 1213,1751 1265,1760 1333,1764 1365,1770 1491,1766 1521,1774 1550,1774 1663,1785 1731,1766"/>
        <TextEquiv>
          <Unicode>soucier du &quot;qu&#39;en dira-t-on&quot;. J&#39;ai fait élever au cimetière, le</Unicode>
        </TextEquiv>
      </TextLine>

    
    
      <TextLine id="eSc_line_228009" >
        <Coords points="224,1785 230,1751 349,1751 403,1768 426,1753 494,1760 514,1774 563,1751 584,1768 608,1760 631,1777 663,1764 704,1783 740,1762 774,1774 785,1768 806,1785 849,1768 913,1787 949,1774 996,1811 1021,1792 1060,1792 1079,1806 1092,1798 1162,1802 1173,1794 1190,1811 1228,1794 1260,1815 1299,1792 1329,1819 1350,1811 1367,1826 1395,1819 1418,1828 1463,1815 1482,1830 1506,1821 1521,1834 1570,1832 1580,1824 1636,1832 1651,1819 1698,1824 1719,1845 1728,1843 1732,1856 1696,1879 1666,1885 1625,1870 1580,1890 1572,1881 1352,1881 1331,1868 1284,1890 1260,1866 1228,1860 1201,1868 1160,1856 1128,1864 1111,1849 1092,1853 1081,1843 1030,1851 1006,1834 977,1853 957,1841 910,1847 834,1830 812,1841 800,1832 757,1836 742,1826 718,1828 704,1813 659,1832 631,1811 584,1830 571,1819 541,1819 522,1802 492,1817 448,1819 413,1811 398,1796 375,1813 283,1804 245,1824 226,1819"/>
        <Baseline points="224,1787 473,1785 1221,1840 1733,1857"/>
        <TextEquiv>
          <Unicode>premier dans tout le Département, un monument commémoratif des</Unicode>
        </TextEquiv>
      </TextLine>

    
    
      <TextLine id="eSc_line_228000" >
        <Coords points="228,1856 232,1830 262,1824 285,1832 324,1815 358,1836 401,1824 433,1836 452,1826 499,1841 520,1828 563,1853 582,1841 618,1838 727,1847 757,1875 787,1851 898,1862 913,1849 932,1864 964,1862 981,1877 1026,1862 1134,1883 1158,1877 1196,1894 1218,1879 1241,1890 1288,1888 1301,1898 1335,1890 1376,1896 1393,1883 1414,1902 1431,1892 1450,1911 1478,1894 1550,1913 1563,1905 1608,1909 1627,1896 1655,1905 1730,1894 1749,1926 1740,1945 1693,1962 1683,1952 1585,1966 1546,1947 1499,1966 1478,1947 1427,1971 1397,1954 1367,1960 1333,1947 1309,1956 1286,1945 1273,1954 1192,1928 1179,1937 1134,1937 1073,1922 1053,1932 1026,1924 1011,1934 979,1909 930,1926 910,1911 808,1915 753,1888 718,1911 704,1898 674,1905 646,1896 627,1905 567,1890 518,1894 492,1879 473,1892 439,1894 422,1879 384,1894 322,1883 232,1885"/>
        <Baseline points="230,1858 334,1864 516,1862 565,1873 680,1870 740,1881 878,1892 900,1888 925,1888 992,1898 1062,1896 1092,1905 1158,1905 1228,1915 1277,1913 1331,1924 1463,1922 1501,1928 1602,1932 1674,1932 1696,1928 1750,1928"/>
        <TextEquiv>
          <Unicode>victimes de la guerre ; monument qui sera inauguré le 1° Novembre</Unicode>
        </TextEquiv>
      </TextLine>

    
    
      <TextLine id="eSc_line_228004" >
        <Coords points="213,1939 221,1885 234,1894 292,1890 309,1905 326,1892 345,1896 362,1888 386,1905 401,1898 445,1937 458,1937 509,1896 554,1898 565,1911 586,1900 635,1909 652,1898 676,1915 759,1911 821,1926 838,1915 910,1932 942,1926 987,1943 1002,1932 1051,1932 1073,1943 1175,1947 1222,1954 1243,1975 1286,1962 1312,1986 1329,1971 1356,1973 1380,1988 1399,1973 1418,1986 1444,1971 1482,1988 1525,1984 1542,1992 1595,1979 1612,1990 1634,1975 1664,1981 1693,2007 1657,2035 1612,2024 1574,2043 1544,2026 1527,2041 1489,2052 1472,2037 1444,2052 1420,2033 1397,2030 1378,2048 1346,2026 1318,2035 1292,2022 1277,2030 1235,2003 1173,2022 1154,2007 1126,2013 1088,1998 1062,2009 1051,2001 1032,2013 1011,1996 915,1996 898,1986 855,2003 829,1981 789,1988 763,1979 740,1990 712,1977 686,1984 663,1973 603,1971 586,1960 571,1971 514,1966 503,1975 467,1949 454,1960 445,1952 428,1966 381,1971 315,1960 296,1973 275,1958 249,1956 234,1966 217,1962"/>
        <Baseline points="215,1941 533,1939 663,1949 740,1947 795,1958 952,1977 1323,2007 1694,2009"/>
        <TextEquiv>
          <Unicode>prochain. Cela fait, j&#39;ai profité de l&#39;été et du séjour de ma</Unicode>
        </TextEquiv>
      </TextLine>

    
    
      <TextLine id="eSc_line_227994" >
        <Coords points="224,2007 236,1975 298,1979 320,1964 343,1964 390,1992 420,1979 441,1998 482,1973 505,1990 554,1969 582,1977 625,1971 637,1979 650,1973 661,1984 710,1981 748,1998 761,1992 778,2007 870,2013 885,2003 910,2016 942,2007 972,2024 1000,2003 1024,2024 1058,2033 1113,2018 1154,2037 1171,2035 1188,2050 1203,2037 1252,2052 1299,2030 1339,2054 1361,2045 1393,2060 1465,2056 1499,2069 1514,2056 1578,2065 1595,2052 1617,2058 1634,2045 1685,2054 1700,2043 1732,2043 1747,2050 1753,2073 1745,2097 1681,2101 1664,2116 1629,2107 1600,2114 1582,2103 1570,2114 1512,2118 1495,2105 1478,2116 1382,2105 1350,2112 1307,2094 1292,2103 1271,2099 1256,2086 1226,2103 1186,2080 1160,2101 1105,2080 1081,2086 1058,2067 1043,2077 949,2069 930,2082 898,2067 881,2082 853,2062 814,2069 789,2058 768,2073 729,2050 648,2060 548,2041 477,2048 448,2030 416,2045 384,2035 371,2043 249,2035 226,2054"/>
        <Baseline points="226,2009 416,2009 458,2018 550,2018 652,2026 701,2026 753,2035 849,2033 904,2043 930,2041 1011,2045 1036,2052 1098,2052 1143,2060 1166,2060 1211,2067 1286,2069 1322,2080 1411,2087 1459,2086 1585,2084 1610,2088 1634,2082 1754,2074"/>
        <TextEquiv>
          <Unicode>famille à Créans, pour organiser une fête en l’honneur des soldats</Unicode>
        </TextEquiv>
      </TextLine>

    
    
      <TextLine id="eSc_line_227998" >
        <Coords points="230,2086 234,2052 258,2045 300,2058 322,2050 332,2060 401,2048 424,2065 448,2048 516,2090 558,2060 584,2062 603,2080 620,2067 684,2075 710,2058 725,2075 761,2090 789,2080 808,2094 829,2077 866,2077 883,2090 936,2086 947,2094 972,2080 1028,2099 1073,2094 1120,2105 1134,2120 1177,2097 1218,2120 1305,2122 1341,2152 1358,2150 1399,2120 1454,2141 1504,2133 1542,2141 1561,2129 1580,2135 1600,2124 1610,2133 1621,2126 1651,2156 1600,2193 1578,2180 1512,2195 1463,2188 1448,2171 1425,2190 1395,2188 1358,2163 1320,2186 1294,2173 1149,2169 1117,2154 1105,2163 1077,2154 1064,2161 1011,2152 998,2139 983,2148 923,2148 910,2139 874,2150 810,2131 800,2139 776,2133 748,2154 710,2122 644,2122 633,2131 601,2112 593,2120 544,2120 522,2097 497,2118 454,2114 439,2122 424,2114 369,2122 356,2114 337,2120 322,2107 285,2116 234,2107"/>
        <Baseline points="230,2086 450,2084 505,2094 614,2094 701,2103 727,2103 748,2099 782,2109 853,2109 915,2118 966,2118 1017,2126 1045,2126 1122,2137 1143,2135 1194,2148 1237,2144 1316,2154 1393,2152 1450,2161 1574,2163 1651,2156"/>
        <TextEquiv>
          <Unicode>démobilisés. Le succès a dépassé toute attente. En voici le</Unicode>
        </TextEquiv>
      </TextLine>

    
    
      <TextLine id="eSc_line_227997" >
        <Coords points="224,2158 230,2126 251,2135 354,2129 366,2141 398,2129 422,2139 454,2131 497,2139 524,2158 550,2139 608,2137 646,2148 663,2135 744,2154 778,2154 806,2141 851,2167 900,2150 972,2169 992,2154 1068,2182 1094,2173 1111,2188 1137,2176 1181,2186 1198,2201 1243,2182 1273,2199 1299,2195 1318,2210 1367,2199 1384,2214 1414,2203 1450,2212 1563,2212 1604,2195 1612,2203 1623,2195 1666,2201 1681,2190 1698,2222 1685,2250 1644,2267 1614,2261 1572,2284 1548,2263 1521,2263 1486,2284 1450,2263 1433,2269 1410,2261 1388,2274 1371,2261 1337,2263 1316,2242 1292,2261 1275,2250 1248,2265 1213,2265 1186,2246 1149,2254 1105,2229 1062,2242 1045,2231 1021,2233 1006,2218 977,2240 955,2240 900,2214 885,2220 851,2205 800,2220 774,2203 755,2214 746,2205 669,2199 637,2220 599,2195 546,2199 529,2186 507,2201 494,2193 475,2203 454,2193 433,2210 373,2184 356,2199 334,2184 294,2197 275,2186 260,2199 226,2184"/>
        <Baseline points="226,2161 424,2161 537,2171 629,2169 716,2178 957,2190 1117,2216 1262,2220 1376,2231 1619,2229 1699,2224"/>
        <TextEquiv>
          <Unicode>compte-rendu, naturellement rédigé par moi, car ma faiblesse est</Unicode>
        </TextEquiv>
      </TextLine>

    
    
      <TextLine id="eSc_line_227995" >
        <Coords points="23,2336 27,2299 66,2284 93,2304 123,2289 138,2295 151,2286 162,2301 204,2291 300,2310 341,2329 409,2289 443,2314 458,2304 499,2321 522,2299 546,2318 556,2310 573,2318 603,2306 635,2331 652,2318 667,2331 682,2323 740,2340 757,2329 782,2338 800,2325 832,2342 861,2333 887,2348 962,2342 985,2353 1011,2333 1032,2359 1062,2342 1092,2370 1113,2361 1117,2387 1111,2414 1090,2425 1043,2408 1000,2429 979,2408 942,2404 932,2391 893,2417 859,2395 844,2406 825,2395 723,2385 693,2400 672,2380 614,2393 595,2382 578,2389 567,2378 556,2387 533,2380 514,2391 486,2374 416,2370 386,2378 341,2370 296,2380 268,2361 256,2372 160,2365 138,2374 125,2363 106,2368 72,2355 51,2370 25,2342"/>
        <Baseline points="25,2336 360,2350 458,2348 586,2353 627,2357 676,2357 768,2368 832,2370 887,2376 1118,2388"/>
        <TextEquiv>
          <Unicode>à Monsieur le Président Nicholas Murray BUTLER.</Unicode>
        </TextEquiv>
      </TextLine>

    
    </TextRegion>
    
  </Page>
</PcGts>
