1920 2560
23 151 288 115 SÉNAT

930 117 431 100 LETTRE N° 475.

1316 326 362 113 Janvier 1919.

733 473 698 113 LE PRÉSIDENT ROOSEVELT .

1021 680 410 100 Mon cher Butler,

661 904 1163 100 Au nom d'un grand nombre de nos amis Français,

296 983 1389 102 et au nom de toute ma famille, j'avais adressé à Madame

302 1070 1522 96 Roosevelt un cablogramme de profonde et douloureuse sympathie

307 1156 1487 94 dans son nouveau deuil. J'avais vu plusieurs fois son jeune

302 1235 1464 98 fils, Quentin, en France, au camp américain d'Isscudun et à

311 1314 1457 98 Châteauroux où mon fils se trouvait lui aussi, aviateur, et

296 1399 1389 96 c'est, pour une part, en pensant à lui que je ne cessais

311 1478 1523 96 de donner à ses camarades le conseil d'être prudents pour être

294 1561 1429 94 effectivement audacieux. Leur témérité m'inquiétait.

296 1640 1538 100 Beaucoup d'entre eux sont tombés victimes de leur inexpérience,

302 1717 1468 102 dès leur premier combat avec un ennemi qui les guettait, les

296 1798 1408 94 attirait et les surprenait sous le nombre ou dans quelque

302 1873 1479 104 piège. Je ne cessais de leur dire, malheureusement trop sou-

307 1952 1450 110 vent en vain : "Apprenez à vous faire tuer". Je me rappelle

300 2028 1477 109 l'enfance de ces jeunes fils du Président Roosevelt, si unis,

315 2105 1423 109 si gais, autour de leur tendre mère, à la Maison Blanche, et

311 2178 1365 115 déjà aventureux, se lançant tête baissée dans les rues de

23 2350 1129 105 à Monsieur le Président Nicholas Murray BUTLER.
