1920 2560
960 53 179 98 - 4 -

307 230 1549 117 le chemin jusqu'alors impraticable de la paix. Et c'est bien

307 332 1499 94 parce que ce chemin fut dégagé que, grâce encore à la géné-

313 416 1530 89 reuse et sage initiative de votre pays, la Seconde Conférence

302 497 1504 96 de La Haye a pu s'ouvrir en 1907. - Le Tzar aurait définiti-

300 580 1532 104 vement renoncé à la convoquer s'il n'y avait XXX été littéra-

311 661 1446 107 lement forcé par le Gouvernement des Etats-Unis. Aujourd'

311 746 1513 94 hui la guerre a de nouveau relégué ces premiers efforts déci-

313 825 1468 96 sifs dans un passé que le scepticisme affecte de considérer

311 910 1510 103 comme nul. En fait, la Société des Nations, dont nous allons

311 987 1557 124 enfin poser les bases, ne sera que le développement de l’œuvre

311 1077 284 75 de La Haye.

667 1371 1110 139 Ce que j'ai toujours admiré chez le Président

313 1472 1491 121 Roosevelt, c'est que son attachement au Droit et à la Justice

307 1550 1374 109 n'était pas seulement un effet de sa générosité et de sa

307 1632 1403 123 bonté naturelles, mais une conséquence de son patriotisme,

307 1702 1344 122 une obligation dictée par sa raison même, par sa volonté

305 1783 1461 128 réfléchie de bien servir son pays. Il voulait que les Etats-

307 1864 1431 137 Unis fûssent prospères et forts pour bien servir l'Humanité,

307 1939 1470 136 et il comprenait que le Monde ne pouvait progresser, ni vivre

307 2013 1391 137 dans l'injustice et la discorde. - Notre devise de la Con-

320 2088 1450 143 ciliation : "PRO PATRIS PER ORBIS CONCORDIAM" aurait pu être

296 2165 1400 141 la sienne ; en fait, elle est devenue celle de beaucoup de

313 2242 1427 143 ses compatriotes et de ses amis. Elle a plus d'avenir qu'on

302 2308 239 85 ne pense.
