1920 2560
782 36 184 98 - 6 -

138 168 1560 130 s’il n'y a pas, au contraire, développé ou ravivé à l'excès

149 264 1593 120 en lui le goût des luttes violentes, au détriment des victoi-

155 358 1521 113 res que lui assuraient sa raison et son ambition €€ d'être

155 454 1568 104 utile. On peut être énergique, dévoué, héroïque de bien des

166 524 1547 118 façons. La plus noble forme d'énergie doit finir par l'éli-

160 618 1591 111 mination, autant que possible, de la violence et par la domi-

160 699 1600 115 nation de ses instincts primitifs. Le courage d'un être doux

162 791 1536 113 vaut celui d'un être violent ; le fils de Jaurès s'est fait

174 876 1568 107 tuer comme celui de Roosevelt. Et je me demande si l'énergie

174 962 1581 104 de ce dernier a gagné à se mégalomaniser en Afrique, au lieu

174 1045 1577 109 de se maîtriser aux Etat-Unis. J'ai vu à Paris le Président

179 1137 1563 100 Roosevelt, au retour de ces expéditions herculéennes ; je l'ai

185 1222 1619 104 trouvé changé ; je n'ai pu l'intéresser, à cette époque, malgré

179 1312 1519 93 mes pressants appels, au problème de l'Alsace-Lorraine dont

185 1408 1489 85 il aurait pu si utilement, pensais-je, entretenir à Berlin

187 1480 1487 109 l'Empereur Guillaume II ; pas davantage à la Russie, qu'il

177 1572 1574 89 n'a pas comprise dans l'itinéraire de ses visites en Europe. -

192 1655 1405 94 Il m'a semblé que la politique du "big stick" tendait à

187 1740 1481 90 l'emporter en lui sur celle de l'idéalisme pratique dont il

192 1821 1305 86 avait commencé vraiment à donner un modèle au monde.

552 1883 1227 120 J'ai compris, plus tard, en le voyant reprendre

177 1962 1625 137 aux Etats-Unis une existence de continuelles luttes intérieures,

187 2065 1500 113 que la vie d'un ancien chef d'Etat, jeune encore, est, pour

202 2150 1485 117 ainsi dire, impossible. Il n'y a place pour lui nulle part,

194 2225 1544 123 sauf à Mont Vernon ou à la charrue de Cincinnatus, ou dans le
