1920 2560
994 61 149 92 - 2 -

315 211 1406 130 Washington à bicyclette, parmi les voitures, les passants,

324 309 1482 111 bravant à plaisir les obstacles. Le danger les charmait ; ils

328 388 958 106 étaient déjà préparés à donner leur vie.

693 635 1141 96 Le Président Roosevelt était la générosité même,

334 714 1379 103 le représentant de l'idéalisme américain. Il a rendu non

330 789 1393 102 seulement les Etats-Unis, mais au Monde des services qu'il

328 881 1493 96 faut faire connaître, pour l'honneur de votre pays et de l'hu-

324 960 1457 91 manité. En 1902, le Monde était bien incertain. On commen-

328 1041 1374 91 çait à parler sérieusement de la paix, à vouloir la paix.

328 1115 1528 96 C'était au lendemain de votre guerre avec l'Espagne et celle

328 1196 1438 94 du Transwaal. L'opinion se lassait de ces vieux moyens bar-

324 1275 1453 96 bares de régler par la force les conflits entre les peuples ;

328 1356 1421 101 elle ne demandait qu'à faire bon accueil au progrès nouveau

320 1433 1401 96 de l'arbitrage organisé. Mais, à n'entendre que la presse

330 1514 1380 96 officieuse et les chancelleries, la Conférence de La Haye,

330 1587 1427 104 tenue en 1899, avait échoué, semblait-il ; les Gouvernements

339 1666 1403 100 la tenaient pour non avenue ; la Cour d'Arbitrage n'existait

330 1747 1421 102 que sur le papier ; nul ne voulait y faire appel ; elle était

339 1819 1416 105 déclarée mort-née. Le Président Roosevelt eut le courage de

328 1896 1449 111 se distinguer de€é€tous les c€h€efs de Gouvernement en la faisant

330 1973 1421 109 vivre et en la réhabilitant. C'est lui qui, le premier, osa

324 2041 1399 120 montrer aux Etats récalcitrants le chemin de la justice, et

320 2120 1448 120 il eut d'autant plus de mérite qu'il aurait pu constituer €aux€
