1920 2560
810 49 158 91 - 3 -

160 194 1510 119 €Etats-Unis€, €ou€ €tout€ €au€ €moins€ dans le Nouveau Monde, le siège

166 292 1544 102 de ce premier tribunal facultatif de la paix ; il n'hésita pas

162 379 1480 101 à franchir l'Océan, à dessaisir, en quelque sorte, son pays

168 456 1513 102 au profit de l'Europe. Son exemple désintéressé fut irrésis-

168 539 1513 103 tible ; le charme fut rompu ; la Cour de La Haye désensorcelée.

174 622 1583 105 Vint ensuite le célèbre conflit de Dogger Bank, entre la Grande-

174 710 1485 96 Bretagne et la Russie, puis la généreuse décision prise par

183 791 1545 102 M. Carnegie de faire construire à la Cour de La Haye le palais

174 874 1321 100 que lui refusaient les Gouvernements ; puis la paix de

168 968 412 90 Portsmouth.....

550 1036 1039 84 Ainsi, la volonté de servir le Droit et de

192 1111 1497 94 pacifier le Monde s'est affirmée chez le Président Roosevelt ;

187 1192 1449 94 et c'est à lui que les Etats-Unis doivent l'honneur d'avoir

194 1273 1502 109 été vraiment, par leur initiative et leur protestation contre

202 1358 1494 101 la routine universelle, les arbitres et les guides de l'Huma-

196 1446 680 92 nité dans la voie nouvelle.

539 1523 1056 89 e jour où le Président Roosevelt a pris si

206 1597 1504 99 énergiquement, avec tous ses fils, parti pour la France contre

202 1674 1391 103 l'agression du militarisme allemand, il a été fidèle aux

209 1760 1437 89 premiers actes de sa vie internationale, il a combattu pour

202 1834 1451 92 le Droit. A ce titre, les amis de la France, comme les amis

209 1917 1459 90 de la paix, lui doivent une reconnaissance infinie. Je suis

204 1990 1449 90 de ceux qui ont demandé pour lui le Prix Nobel et je me suis

219 2065 1438 89 toujours félicité qu'il l'ait obtenu. Il était juste que le

213 2133 1380 92 Président des Etats-Unis reçût la récompense éclatante du

219 2214 1457 109 grand service qu'il avait rendu au Monde en lui ouvrant enfin
