1753 2197
882.0 102.0 138.0 68.0 - 13 -

313.0 197.0 1240.0 68.0 avons au Mans des usines qui fabriquent des automobiles et, en

313.0 267.0 1297.0 55.0 même temps, des obus ; - il y a partout des meuniers, des fournis-

311.0 335.0 1203.0 53.0 seurs de bois de lits, de sacs, de couvertures, de véhicules

315.0 410.0 1258.0 45.0 militaires, etc… etc… ; à La Flèche un tanneur paie chaque jour

315.0 472.0 1293.0 57.0 plusieurs centaines d’ouvriers et d’ouvrières ; - les professeurs,

316.0 532.0 1220.0 57.0 régulièrement payés comme tous les fonctionnaires, ont repris

316.0 602.0 1317.0 60.0 leur cours dans les lycées et, par conséquent, gagnent leur vie ; -

318.0 664.0 975.0 61.0 ils prennent leurs vacances, avec leurs familles.

593.0 732.0 1020.0 58.0 Là encore je saisis la preuve de l’incroyable pros-

315.0 792.0 1278.0 64.0 périté qui règne en France après deux années de guerre. Partout

316.0 860.0 1277.0 60.0 la vie a repris son cours. Je ne parle pas de Paris et des toi-

315.0 931.0 1296.0 53.0 lettes et des théâtres ouverts tous les soirs et pleins de monde ;

316.0 997.0 1217.0 52.0 et donnant même des pièces nouvelles, très gaies…. Je fais

313.0 1069.0 1262.0 47.0 la part des étrangers qui viennent encore sur nos boulevards et

315.0 1131.0 1238.0 55.0 des provinciaux et des officiers de passage. On vient à Paris

311.0 1193.0 1262.0 64.0 pour acheter et ce n’est pas à Paris qu’on va regarder à la dé-

316.0 1270.0 1257.0 51.0 pense : nous sommes bien loin, c’est entendu, des extravagances

315.0 1332.0 1274.0 55.0 du temps de paix, mais les magasins de luxe, les fleuristes, les

316.0 1393.0 1255.0 57.0 couturiers, les tapissiers, sont pourtant loin d’être tous fer-

313.0 1462.0 1258.0 59.0 més. Ainsi, les usines d’automobiles s’étant mises à faire des

313.0 1519.0 1262.0 61.0 obus, on ne devrait plus trouver d’autos à vendre, sinon à prix

315.0 1589.0 1274.0 62.0 d’or : quantité de gens, à ma connaissance, trouvent pourtant le

313.0 1660.0 1242.0 62.0 moyen d’en acheter ou d’en importer, et des autos de très grand

315.0 1724.0 1293.0 57.0 luxe ! Je suis entré, ces jours derniers, dans un magasin anglais

315.0 1788.0 1216.0 61.0 des boulevards qui fournit les équipements militaires en même
