1749 2197
847.0 146.0 119.0 49.0 - 6 -

395.0 263.0 1161.0 73.0 à instruire, à réconforter ou à consoler. Elles ne seront

397.0 338.0 1123.0 64.0 plus que des tableaux, des objets de curiosité ; elles ne

399.0 399.0 1199.0 75.0 formeront plus la chaîne dans nos familles ; elles ne parle-

401.0 472.0 1217.0 68.0 ront plus de leurs parents à leurs descendants ; elles seront

399.0 525.0 1104.0 71.0 des meubles étrangers à l'étranger, meubles sans vie et

402.0 591.0 1125.0 77.0 sans intérêt, confondus avec les débris épars, bien plus

402.0 664.0 1163.0 79.0 importants, si on a pu sauver les plus précieux, des palais

404.0 734.0 628.0 73.0 russes, du musée de l'Ermitage.

608.0 948.0 954.0 79.0 ££ A la France, que restera-t-il ? La gloire,

406.0 1019.0 1163.0 81.0 répondront nos nationalistes. N'en avait-elle pas assez !

406.0 1087.0 1165.0 77.0 après toutes les guerres de Napoléon et ce qui lui restera

408.0 1155.0 1179.0 67.0 des monuments de Louis XV et de Louis XIV. Lui laissera-t-

408.0 1232.0 401.0 62.0 on même sa langue ?

706.0 1281.0 909.0 75.0 La France était le trait d'union entre le Sud

412.0 1356.0 1201.0 64.0 et le Nord, entre l'Est et l'Ouest, entre les mondes anciens

413.0 1415.0 1220.0 75.0 et nouveaux. Sa langue devenait la langue de la conciliation

415.0 1482.0 1139.0 77.0 et de l'amitié universelles. Jamais on n'aurait pu rêver

413.0 1554.0 1143.0 71.0 pareille conquête morale au XIX ème siècle ! Nous l'avons

415.0 1620.0 1141.0 68.0 bien vu à La Haye, où elle a mis d'accord la majorité des

417.0 1689.0 1075.0 61.0 Etats et formé le bloc de la liberté et de la justice.

712.0 1755.0 866.0 66.0 Ce bloc, où est-il ? Quelle sera sa langue

415.0 1816.0 1167.0 66.0 maintenant ? Le français ? Non, Le français a perdu son

406.0 1882.0 1132.0 67.0 rang, à la conférence officielle. Les Américains et les
