1749 2197
734.0 168.0 289.0 73.0 LETTRE N° 312.

195.0 225.0 231.0 75.0 SÉNAT

1075.0 270.0 406.0 76.0 Paris, 28 Août 1917.

613.0 501.0 835.0 88.0 Les DEUX RELIGIONS. - Le DIEU ALLEMAND et

906.0 582.0 233.0 80.0 l'HUMANITÉ.

728.0 818.0 328.0 64.0 Mon cher Butler,

725.0 977.0 839.0 73.0 La guerre aura, malgré tout, développé le

333.0 1043.0 1218.0 75.0 sentiment religieux parmi les hommes ; le sentiment religieux,

331.0 1118.0 1265.0 61.0 c’est-à-dire le besoin de croire au mieux et d’aimer autre cho-

333.0 1190.0 1262.0 67.0 se que notre nous-même. Religion de Dieu, religion de l’Humani-

331.0 1254.0 1227.0 67.0 té ? Peu importent les mots : les anciennes religions divines

325.0 1316.0 1250.0 75.0 nous aurons acheminés douloureusement à la religion de l’Huma-

327.0 1382.0 1249.0 77.0 nité. La religion chrétienne a été un immense progrès sur les

327.0 1453.0 1226.0 66.0 religions antérieures, lesquels ont été elles-mêmes un pro-

329.0 1523.0 1280.0 64.0 grès sur le fétichisme. La Révolution Française, révolution anti-

327.0 1587.0 1262.0 71.0 cléricale, anti-despotique mais non anti-religieuse, aura ajou-

327.0 1649.0 1185.0 64.0 té, aux magnifiques commandements de bonté et de justice du

325.0 1715.0 1284.0 79.0 Christianisme, la Déclaration des droits de l’Homme et, par con-

324.0 1786.0 1245.0 70.0 séquent, celle du Droit des peuples ; tel est le sens de la ré-

322.0 1858.0 1170.0 68.0 volution américaine, de la révolution russe, de toutes les

120.0 1973.0 782.0 79.0 Monsieur le Président N. Murray BUTLER.
