1755 2197
756.0 126.0 312.0 71.0 LETTRE N° 175.

185.0 223.0 241.0 75.0 SÉNAT

1077.0 216.0 472.0 73.0 PARIS, 3 Novembre 1916.

566.0 382.0 685.0 81.0 LES CONDITIONS d'une PAIX DURABLE.

818.0 543.0 336.0 73.0 Mon cher Butler,

212.0 578.0 277.0 183.0 ££

327.0 853.0 1244.0 55.0 enfants se donnent sans compter, beaucoup de gens au contraire

584.0 792.0 969.0 55.0 Pendant que la foule et les plus généreux de nos

327.0 920.0 1244.0 64.0 souhaitent que la guerre dure indéfiniment et qu'elle continue

329.0 990.0 1244.0 59.0 de leur prodiguer les satisfactions d'orgueil, de carrière, de

329.0 1054.0 1226.0 59.0 bien-être, d'argent. Pour ceux-là, je l'ai écrit souvent, la

326.0 1125.0 1258.0 54.0 guerre est un bienfait, la fin de la guerre sera la désolation,

329.0 1190.0 1222.0 62.0 la cessation de leurs privilèges, le retour au régime commun ;

333.0 1259.0 1224.0 50.0 bien pire, elle sera le commencement de l'expiation, la carte

335.0 1323.0 1238.0 55.0 formidable à payer, les comptes terrible à régler, l'échéance

331.0 1395.0 1101.0 56.0 qu'il faut reculer, à tout pris, le plus loin possible.

335.0 1517.0 1260.0 66.0 car l'oppression du militarisme prussien est une menace intolé-

589.0 1461.0 988.0 54.0 En attendant, on parle quand même, sans faiblir, -

335.0 1590.0 1222.0 61.0 rable, - mais enfin on parle de la paix, ou plutôt des condi-

331.0 1656.0 1304.0 59.0 tions de la paix qu'il faudra organiser après la victoire. Notre

331.0 1722.0 1218.0 61.0 effort d'avant la guerre, tout le monde à présent le reprend,

333.0 1783.0 1185.0 71.0 quand il est trop tard ; on le reprend, et si la discussion

329.0 1850.0 1264.0 81.0 n'est pas ouvert, puisque personne en peut savoir encore ce que

208.0 1980.0 825.0 72.0 à Monsieur le Président N. Murray BUTLER.
