1746 2197
846.0 122.0 115.0 62.0 - 4 -

291.0 247.0 1299.0 64.0 enfants en deuil ! Il y a foule devant le magasin du Printemps où

293.0 329.0 1299.0 53.0 sont exposés des panoramas de jouets militaires. Ce sont de très

294.0 397.0 1334.0 46.0 jolis tableaux vivants en miniature. L'un représente les tranchées

289.0 457.0 1303.0 55.0 avec les poilus dans leurs abris ; ici faisant f££/££eu, jouant aux

293.0 525.0 1234.0 53.0 cartes ; là transportant des blessés, emmenant des prisonniers,

293.0 589.0 1339.0 64.0 pointant un canon d'artillerie lourde, une mitrailleuse. Au second

291.0 655.0 1323.0 60.0 plan s'étend le terrain labouré d'obus, semé de corps ; - et un peu

291.0 719.0 1277.0 60.0 plus loin, dans la fournaise de l'incendie, admirablement figuré

291.0 792.0 1257.0 52.0 par la lumière électrique, se dressent les ruines fumantes d'un

293.0 854.0 1275.0 57.0 village bombardé, avec son église en ruines, ses maisons détrui-

289.0 924.0 1279.0 53.0 tes. Au-dessus, à l'horizon, éclatent les obus, représentés par

289.0 984.0 1202.0 66.0 des explosions électriques, à la poursuite des aéroplanes de

293.0 1058.0 1291.0 53.0 combat traversant le ciel dans tous les sens, comme des phalènes.

291.0 1124.0 1258.0 55.0 C'est charmant, fou, invraisemblable, et pourtant très vrai. Ce

289.0 1184.0 1299.0 64.0 spectacle de mort fait la joie des petits enfants et de leurs pa-

289.0 1255.0 1277.0 59.0 rents qui les conduisent. Et j'ai défilé comme tous les autres, dans

287.0 1320.0 1303.0 60.0 la foule, devant ce spectacle... Je voulais entrer dans le maga-

289.0 1384.0 702.0 64.0 sin ; impossible ; on s'y écrasait.

586.0 1453.0 1004.0 68.0 D'où vient tout cet argent qui se dépense ? De la

285.0 1512.0 1303.0 68.0 guerre. Les permissionnaires qui sont à l'arrière me disent, qu'à

287.0 1583.0 1297.0 73.0 part le carbone (raréfié parce qu'on le réserv e aux fabrications

287.0 1645.0 1279.0 74.0 de guerre) on/vit très bien dans leurs dépôts. Ils me rapportent

287.0 1722.0 1279.0 59.0 les menus des repas succulents et très abondants qu'on leur sert

283.0 1783.0 869.0 66.0 dans les hôtels, pour deux francs par tête.

566.0 1854.0 1018.0 68.0 Le lendemain de la guerre, la paix sera, pour quan-

285.0 1911.0 1200.0 84.0 tité de gens, une incommensurable déception ; quand il faudra
