1758 2197
911.0 126.0 121.0 62.0 - 3 -

388.0 245.0 1207.0 75.0 €Etats-Unis€, €ou€ €tout€ €au€ €moins€ dans le Nouveau Monde, le siège

390.0 329.0 1243.0 55.0 de ce premier tribunal facultatif de la paix ; il n'hésita pas

386.0 384.0 1188.0 68.0 à franchir l'Océan, à dessaisir, en quelque sorte, son pays

386.0 459.0 1225.0 57.0 au profit de l'Europe. Son exemple désintéressé fut irrésis-

388.0 523.0 1219.0 57.0 tible ; le charme fut rompu ; la Cour de La Haye désensorcelée.

388.0 584.0 1282.0 62.0 Vint ensuite le célèbre conflit de Dogger Bank, entre la Grande-

386.0 657.0 1185.0 53.0 Bretagne et la Russie, puis la généreuse décision prise par

382.0 721.0 1249.0 60.0 M. Carnegie de faire construire à la Cour de La Haye le palais

386.0 781.0 1066.0 63.0 que lui refusaient les Gouvernements ; puis la paix de

382.0 856.0 315.0 64.0 Portsmouth.....

679.0 917.0 851.0 64.0 Ainsi, la volonté de servir le Droit et de

382.0 984.0 1224.0 63.0 pacifier le Monde s'est affirmée chez le Président Roosevelt ;

384.0 1052.0 1185.0 55.0 et c'est à lui que les Etats-Unis doivent l'honneur d'avoir

386.0 1116.0 1221.0 61.0 été vraiment, par leur initiative et leur protestation contre

382.0 1184.0 1224.0 60.0 la routine universelle, les arbitres et les guides de l'Huma-

379.0 1255.0 551.0 50.0 nité dans la voie nouvelle.

655.0 1323.0 872.0 53.0 Le jour où le Président Roosevelt a pris si

380.0 1380.0 1242.0 66.0 énergiquement, avec tous ses fils, parti pour la France contre

377.0 1451.0 1130.0 59.0 l'agression du militarisme allemand, il a été fidèle aux

379.0 1525.0 1186.0 55.0 premiers actes de sa vie internationale, il a combattu pour

377.0 1589.0 1208.0 58.0 le Droit. A ce titre, les amis de la France, comme les amis

379.0 1655.0 1206.0 62.0 de la paix, lui doivent une reconnaissance infinie. Je suis

375.0 1719.0 1209.0 60.0 de ceux qui ont demandé pour lui le Prix Nobel et je me suis

375.0 1785.0 1207.0 60.0 toujours félicité qu'il l'ait obtenu. Il était juste que le

375.0 1849.0 1148.0 62.0 Président des Etats-Unis reçût la récompense éclatante du

375.0 1913.0 1225.0 75.0 grand service qu'il avait rendu au Monde en lui ouvrant enfin
