1742 2197
818.0 113.0 108.0 64.0 - 6 -

558.0 228.0 1048.0 68.0 Croire qu’après la guerre les Gouvernements pourront

307.0 298.0 1215.0 71.0 jeter un voile complaisant sur les causes de la guerre et les

304.0 366.0 1298.0 73.0 laisser impunément prendre racine et se renouveler, c’est s’aveu-

304.0 433.0 1262.0 64.0 gler  volontairement. Si, la paix rétablie, les profiteurs de la

304.0 505.0 1258.0 60.0 guerre peuvent étaler sans vergogne les bénéfices de leurs opé-

307.0 571.0 1277.0 64.0 rations ; si on peut parler de la guerre comme la commerce na-

307.0 635.0 1257.0 58.0 turel, une bonne affaire, alors la paix ne sera qu’un mensonge.

311.0 708.0 1236.0 57.0 Or, nous sommes déjà sur cette voie. On ne parle actuellement

307.0 768.0 1218.0 65.0 que des gens enrichis par la guerre ; et non des spéculateurs

305.0 829.0 1281.0 73.0 seulement. Rien n’est plus difficile à définir que la situation

305.0 908.0 1261.0 49.0 de ces enrichis ; rien de plus scabreux à établir que la limite

307.0 966.0 1259.0 62.0 entre le gain licite et illicite. Les gains des plus favorisés

309.0 1032.0 1220.0 61.0 ou des moins scrupuleux se sont éparpillés dans tout le pays,

309.0 1103.0 1240.0 59.0 répartis dans une quantité de petits de bourses auxquelles il ne

309.0 1164.0 1202.0 62.0 sera pas possible de réclamer l’application des lois sur les

309.0 1228.0 1282.0 68.0 bénéfices de guerre. Des commissions spéciales établiront aisé-

309.0 1299.0 1295.0 66.0 ment que certains de ses bénéfices ont été à l’origine excessifs,

311.0 1362.0 1244.0 67.0 mais il leur sera souvent difficile d’aller au-delà du premier

313.0 1437.0 1258.0 51.0 abus : elles ne pourront guère rechercher la foule incalculable

315.0 1506.0 1212.0 53.0 de tous les gens qui auront, à leur tour, profiter de ces abus,

311.0 1563.0 1280.0 59.0 soit comme intermédiaires, soit comme artisans. Il faudra tenir

315.0 1634.0 1254.0 55.0 compte aussi au principal bénéficiaire de tout ce qu’il aura dû

313.0 1700.0 1240.0 59.0 distribuer de bénéfices indirects, sur son propre gain, et des

313.0 1761.0 1240.0 71.0 risques parfois considérables qu’il aura pris seul à sa/charge;

315.0 1830.0 1274.0 63.0 et des services, enfin, que par son initiative et son énergie il

313.0 1896.0 1260.0 68.0 aura rendus à la patrie, alors qu’il fallait aller au plus vite

313.0 1973.0 1238.0 72.0 et au mieux, par tous les moyens, même les plus aventureux….
