1745 2197
838.0 135.0 115.0 59.0 - 4 -

324.0 263.0 1261.0 64.0 considération et de gratitude, nous ferons largement la part de

324.0 340.0 1280.0 57.0 l’influence qu’exerceront jusque dans leur descendance tous ceux

322.0 408.0 1203.0 51.0 qui auront contribué à la délivrance du pays et du monde ; il

324.0 477.0 1261.0 46.0 faudra faire aussi la part des pensions, - (voyez l’exemple des

325.0 541.0 1293.0 54.0 Etats-Unis et le nombre des pensions distribuées aux innombrables

324.0 598.0 1281.0 62.0 descendants des combattants de la Guerre de l’Indépendance ; )- il

327.0 671.0 1297.0 57.0 faudra faire la part des situations privilégiées qui le revien-

322.0 735.0 1292.0 63.0 dront de droit ; la part des mariages…. Toutes nos héritières,

324.0 800.0 1334.0 60.0 heureusement, voudront épouser des héros ! Leurs enfants et petits-

322.0 860.0 1303.0 70.0 enfants vivront de la gloire de leurs pères. Nous arrivons ainsi

324.0 933.0 1201.0 61.0 à un total énorme d’avantages qui balanceront les maux de la

324.0 1001.0 1280.0 64.0 guerre ; sans parler de la prodigieuse reprise d’activité qui ne

324.0 1061.0 1239.0 68.0 peut manquer de suivre la guerre et s’annonce déjà, même avant

320.0 1125.0 242.0 72.0 la fin…..

600.0 1199.0 983.0 60.0 Sans doute on s’efforcera de ne pas confondre les

322.0 1252.0 1300.0 75.0 honneurs avec les profits de la guerre. Il sera malaisé pourtant

322.0 1327.0 1282.0 69.0 de savoir dans quelle mesure ces profits représenteront des ser-

324.0 1395.0 1276.0 66.0 vices rendus à la Défense Nationale. Quoiqu’il en soit, ne nous

325.0 1459.0 1238.0 58.0 faisons pas d’illusion ! Si les enfants de tous ceux qui auront

325.0 1521.0 1236.0 66.0 gagné matériellement à la guerre encaissent sans conteste leur

324.0 1587.0 1276.0 66.0 profit, la guerre actuelle sera sûrement à recommencer. Le len-

325.0 1662.0 1295.0 68.0 demain de la guerre dépendra moins de l’importance de la victoire

324.0 1726.0 1296.0 60.0 que des sanctions intérieures qui devront compléter les sanctions

324.0 1794.0 1276.0 60.0 extérieures de la paix. C’est en vain qu’après avoir châtié nos

320.0 1860.0 1298.0 66.0 agresseurs, nous prétendrions épargner dans notre pays les

320.0 1926.0 1241.0 62.0 coupables qui auront indûment profité de l’agression. Il faut
