1753 2197
901.0 129.0 102.0 57.0 - 9 -

294.0 259.0 1303.0 70.0 courage de proclamer plus que jamais que la sanction de l’opinion

298.0 336.0 1279.0 53.0 comporte tout d’abord l’éducation d’une opinion, affranchie de la

294.0 400.0 1306.0 61.0 presse sensationnelle et que cette sanction ne peut pas, plus que

296.0 472.0 1321.0 64.0 les autres, s’improviser.-. Et, s’il en est ainsi, préparons avec

294.0 540.0 1224.0 55.0 d’autant plus de soin l’application des sanctions économiques

298.0 606.0 1238.0 67.0 puisqu’elles dépendront du concours de l’opinion; elles feront

293.0 668.0 710.0 71.0 partie de l’éducation de l’opinion.

294.0 935.0 1284.0 68.0 vous, jusqu’ici, dans ces détails plus ou moins confidentiels et

611.0 871.0 1026.0 59.0 Quoiqu’il en soit, je m’étais abstenu d’entrer avec

298.0 1017.0 1277.0 50.0 forcément encore nuageux, parce que le Gouvernement n’avait rien

296.0 1076.0 1222.0 57.0 dit, mais le discours de Clémentel me permet de vous tenir au

296.0 1144.0 1317.0 62.0 courant et je termine en insistant bien nettement, au risque de me

298.0 1206.0 1299.0 60.0 répéter une fois de plus, sur les quatre degrés de sanctions dont

294.0 1279.0 1261.0 57.0 la société des Nations disposera pour prévenir la guerre et non

293.0 1342.0 1273.0 62.0 pas seulement pour punir ceux qui l’auront fomentée ou déclarée.

296.0 1409.0 1337.0 59.0 Ces quatre sortes de sanctions, positives, précises, et indépendam-

291.0 1475.0 1357.0 64.0 ment de la sanction supérieure mais pratiquement encore inexistante

293.0 1545.0 1060.0 62.0 de l’opinion ou de la conscience universelle, seront :

489.0 1605.0 470.0 72.0 1°,-   diplomatiques -.

489.0 1678.0 439.0 64.0 2°,- juridiques.-.

485.0 1750.0 1163.0 57.0 3°,- économiques :   blocus, refus des matières premières

1033.0 1671.0 633.0 68.0 Celles-là, vous les connaisse

289.0 1807.0 1257.0 67.0 nécessaires à l’Etat délinquant et réservées aux Etats fidèles.

485.0 1880.0 1007.0 68.0 4°,- militaires.-. Ces dernières assurées et
