1747 2197
873.0 133.0 123.0 61.0 - 5 -

401.0 263.0 1146.0 66.0 sculptées un des pans de murs de la grande pièce. Encore

402.0 335.0 1145.0 73.0 intacte et pure, elle a été achetée par un trafiquant qui

402.0 400.0 1163.0 72.0 l'a déménagée pierre par pierre pour l'expédier, Dieu sait

401.0 474.0 1234.0 55.0 où : Ces marchands de curiosité pour un bon nombre cependant,

402.0 532.0 1205.0 64.0 avant la guerre, étaient Français ; ils contribuaient à meu-

404.0 604.0 1203.0 60.0 bler sans doute bien des palais du Nouveau Monde, mais aussi

402.0 666.0 1220.0 60.0 de somptueux hôtels à Paris ou de belles maisons de campagne.

402.0 735.0 1244.0 57.0 Aujourd'hui, les somptueux hôtels se videront comme les belles

404.0 807.0 1174.0 58.0 maisons. Paris, dans cinquante ans, s'il n'est/pas détruit,

402.0 865.0 1106.0 65.0 ou s'il n'est pas peuplé de magasins et d'hôtels-palace

404.0 937.0 1200.0 57.0 remplaçant nos habitations particulières, ne sera qu'un lieu

404.0 1005.0 1225.0 53.0 de passage pour les étrangers, une ex-grande ville, embarras-

406.0 1056.0 1220.0 64.0 sée de son passé, comme Bordeaux, Nantes et tant d'autres, où

406.0 1133.0 1218.0 58.0 les riches maisons dégradées, tombées aux mains des mercanti ,

404.0 1193.0 1203.0 64.0 se sont transformées en ateliers et en magasins. Les musées

406.0 1257.0 1143.0 64.0 particuliers de l'autre côté de l'Océan se rempliront des

406.0 1325.0 1145.0 68.0 trésors de nos foyers ; trop heureux encore que ces trésors

406.0 1396.0 1203.0 59.0 n'aient pas été anéantis ! Nos portraits de famille, devenus

406.0 1462.0 1214.0 63.0 anonymes, décoreront les palais des milliardaires de Chicago,

404.0 1530.0 1099.0 55.0 de Seattle, de Sydney ; nos mères, nos grand'mères qui,

408.0 1590.0 1161.0 61.0 toujours jeunes dans leurs cadres, dans l'atmosphère de la

402.0 1656.0 1185.0 64.0 maison et du pays, €souriaient€ à notre enfance et à l'enfance

811.0 1629.0 148.0 49.0 ££

406.0 1722.0 1185.0 66.0 de nos enfants et les encourageaient à bien vivre, à croire

410.0 1790.0 1201.0 64.0 que rien n'est perdu et que bon sang ne peut mentir, - souri-

406.0 1850.0 1276.0 65.0 ront à des étrangers. Leurs doux visages n'auront plus personne
