1753 2197
862.0 119.0 141.0 67.0 - 11 -

315.0 250.0 1339.0 72.0 en Europe, vont essayer, ils essayent déjà d’émigrer aux Etats-Unis

315.0 322.0 1245.0 62.0 et d’y faire l’illusion pour se refaire une virginité et revenir

315.0 389.0 1262.0 66.0 ensuite, avec une force nouvelle, prendre leur revanche dans le

315.0 454.0 1342.0 67.0 vieux Monde. Ainsi le seul bénéfice de cette guerre si malheureuse

316.0 519.0 1262.0 63.0 et si complètement inutile, serait perdu. Vous seriez, à votre

316.0 591.0 1246.0 60.0 tour, les victimes du mal dont vous auriez voulu généreusement

316.0 657.0 1284.0 68.0 sauver l’Europe. Ce serait par trop dérisoire et c’est pourtant

318.0 734.0 277.0 60.0 là le danger.

637.0 789.0 1007.0 71.0 Tous les éléments de réaction dans le monde entier

320.0 864.0 1205.0 60.0 ont souhaité la guerre pour se débarrasser des progrès de la

318.0 928.0 1246.0 60.0 démocratie ; ayant échoué, ils vont essayer de militariser les

322.0 995.0 1300.0 63.0 démocraties, et ce sera facile. C’est commencé. Nos officiers de

326.0 1072.0 1221.0 57.0 carrière, dans ma propre famille ne parlent que d’émigrer aux

324.0 1133.0 1282.0 66.0 Etats-Unis, après la guerre, parce qu’en Europe il n’y aura plus

320.0 1204.0 1284.0 61.0 rien à faire. Quand vos jeunes officiers arrivent en France, on

327.0 1263.0 1204.0 69.0 leur inocule le mépris de tout ce qui n’est pas "officier de

322.0 1342.0 1302.0 58.0 carrière" ; je vous l’ai écrit à propos de votre école d’aviation

320.0 1404.0 1301.0 60.0 d’Issoudun; on ne leur dit pas que nos généraux n’ont commencé à

322.0 1468.0 1262.0 57.0 résister victorieusement à l’agression allemande qu’à partir du

324.0 1536.0 1317.0 62.0 jour où, dès le mois de Septembre 1914, ils ont pu disposer large-

324.0 1607.0 1242.0 51.0 ment des troupes et des officiers de réserves ; que nos troupes

324.0 1669.0 1253.0 62.0 territoriales, nos hommes de quarante ans et quarante-cinq ans,

324.0 1739.0 1271.0 60.0 ingénieurs, professeurs, savants, cultivateurs, ouvriers, etc…

326.0 1810.0 1317.0 53.0 etc… ont pris la place de la soi-disant armée de choc du service

320.0 1878.0 1284.0 66.0 de trois ans, presque anéantie. On ne leur dit pas que c’est la
