1741 2197
927.0 87.0 108.0 55.0 - 2 -

331.0 203.0 1278.0 69.0 toujours, des deux côtés, des prédicateurs de haine, mais ils ne

328.0 278.0 1264.0 62.0 seront plus suivis. Sinon la guerre actuelle n’aura été que le

331.0 342.0 1199.0 68.0 commencement de la fin de notre civilisation et je renonce à

328.0 415.0 863.0 61.0 concevoir l’horreur du sort de nos enfants.

604.0 472.0 1025.0 75.0 Chacun, en France, comprend admirablement la situa-

329.0 549.0 1278.0 58.0 tion : la guerre sera toujours à recommencer aussi longtemps que

326.0 613.0 1240.0 66.0 l’orgueil allemand n’a pas été abattu. On peut prévoir une

326.0 673.0 1235.0 75.0 révolution générale, après la guerre, contre la guerre. Mais,

322.0 743.0 1244.0 69.0 en attendant, commençons par avoir raison du militarisme alle-

322.0 807.0 1263.0 69.0 mand qui l’a déchaînée ; nous aurons chance d’être délivrés en-

322.0 876.0 1237.0 70.0 suite du militarisme universel. Pour avoir raison du monstre,

320.0 952.0 1261.0 62.0 pas de pitié, pas de ménagements funestes ; - n’épargnons aucun

322.0 1010.0 1318.0 77.0 sacrifice ; ne comptons ni le temps, ni l’or, ni le sang. Ce n’est

318.0 1076.0 1300.0 73.0 pas la France seule, c’est le monde, y compris l’Allemagne, qu’il

318.0 1140.0 1241.0 75.0 faut délivrer ; ce n’est pas le présent, c’est l’avenir qui est

318.0 1206.0 1259.0 75.0 en cause. Et c’est pourquoi toute la France, pacifique et plus

317.0 1279.0 1279.0 72.0 pacifique que jamais, repousse avec mépris les offres ou les in-

318.0 1342.0 1241.0 75.0 vites dérisoires du Gouvernement allemand, qui, lui, ne songe à

315.0 1402.0 1277.0 80.0 la paix que pour sauver son militarisme et ses ambitions de con-

315.0 1477.0 1277.0 71.0 quête. Il faut lire, comme échantillon de ce mépris, un article

313.0 1537.0 1237.0 79.0 qu’a publié Clémenceau, il y a quelque temps, dans son journal

318.0 1603.0 1272.0 83.0 "L’HOMME ENCHAINÉ" sous ce titre : "Piaillements de paix". C’est

309.0 1666.0 1320.0 89.0 un cri de terrible éloquence, à faire frémir ; c’est la réponse aux

306.0 1735.0 1266.0 81.0 atrocités et aux mensonges des armées et de la diplomatie alle-

304.0 1805.0 1303.0 84.0 mandes. Cent fois j’ai dit ce que je pense de Clemenceau, de son

302.0 1876.0 1206.0 82.0 admirable talent, mais de sa foi stérile dans les œuvres de

304.0 1938.0 1281.0 88.0 haine et de guerre ; aujourd’hui je puis ne lui reprocher d’être
