1749 2197
860.0 131.0 117.0 57.0 - 4 -

683.0 254.0 890.0 71.0 Que nous soyons impitoyables pour exiger des

388.0 322.0 1188.0 73.0 Allemands qu’ils paient leur dette, soit; que nous fassions

390.0 395.0 1122.0 66.0 juger les Gouvernants Allemands, non pas par nous-même,

388.0 463.0 1166.0 55.0 certes, mais de telle sorte que leur culpabilité ne puisse

390.0 532.0 1144.0 57.0 être niée par personne, même et surtout en Allemagne; que

388.0 598.0 1124.0 51.0 nous conservions des gages sans faire de conquêtes; tout

390.0 666.0 1108.0 49.0 cela se conçoit, cela est nécessaire, dans la mesure où

388.0 734.0 1148.0 55.0 nous ne rendrons pourtant pas impossible la reprise d’une

390.0 800.0 1163.0 49.0 vie normale aux Allemands. Mais efforçons-nous de conser-

390.0 864.0 1078.0 58.0 ver d’autant plus la confiance et l’amitié de tous nos

390.0 924.0 1141.0 70.0 Alliés. Ne les traitons ni par la défiance, ni par l’in-

388.0 995.0 569.0 63.0 gratitude, ni, par le mépris.

683.0 1210.0 906.0 75.0 Je vous écris cela, à titre personne££l££, sachant

390.0 1290.0 1183.0 61.0 bien que vous n’oubliez pas le souci que j’ai toujours pris

388.0 1360.0 1201.0 49.0 de ne rien publier mais qui puisse affaiblir mon Gouverne-

384.0 1426.0 1180.0 58.0 ment, non seulement devant l’ennemi mais devant ses Alliés.

684.0 1492.0 810.0 55.0 Cependant je ne dois pas, je ne puis pas

388.0 1556.0 1082.0 60.0 toujours me taire. Je n’attaque pas Clemenceau. Vous

386.0 1622.0 1185.0 62.0 m’avez vu maintes fois reconnaître sa supériorité, comparée

384.0 1684.0 1128.0 64.0 à la médiocrité de tant d’autres. Je n’oublie pas qu’il

386.0 1761.0 1143.0 47.0 a été l’ami des petits peuples en bien des cas, l’ami des

386.0 1816.0 1069.0 73.0 Grecs, par exemple, envers et contre tous, et jusqu’à
