1747 2197
904.0 137.0 114.0 69.0 - 3 -

390.0 270.0 1104.0 74.0 l’éducation ou même de l'apprentissage indispensables ?

683.0 340.0 941.0 68.0 La vérité sur le moyen d'entretenir nos routes,

390.0 406.0 1166.0 60.0 nos chemins de fer, notre marine marchande, nos communica-

395.0 479.0 1242.0 62.0 tions postales, télégraphiques, téléphoniques, aériennes, avec

393.0 534.0 1165.0 68.0 un personnel surmené et par des moyens étriqués ; sans même

395.0 613.0 1203.0 66.0 chercher à utiliser les travaux que nos Alliés ont entrepris

393.0 681.0 304.0 56.0 sur notre sol ?

688.0 734.0 833.0 66.0 La vérité sur le moyen d'adopter, dans la

395.0 801.0 1185.0 70.0 France épuisée, le minimum de réformes sociales qui seront

397.0 875.0 1234.0 66.0 la règle dans les autres pays et faute desquelles le désordre,

399.0 935.0 1025.0 64.0 les grèves, séviront chez nous à l'état chronique ?

692.0 997.0 948.0 64.0 La vérité sur les remèdes qui pourront atténuer

399.0 1067.0 1183.0 75.0 les crises ouvrières et professionnelles qu'il aurait fallu

397.0 1136.0 555.0 66.0 prévenir ? etc …. etc ….

673.0 1197.0 852.0 69.0 Nous n'en finirons pas si nous cherchons à

402.0 1270.0 1242.0 64.0 énumérer tous les mensonges dont il va falloir payer l'opinion

401.0 1331.0 1204.0 69.0 au lendemain de la guerre. - Chaque jour fera surgir l'occa-

401.0 1395.0 1261.0 71.0 sion d'une découverte nouvelle, dans la nuit des dissimulations

402.0 1464.0 1202.0 59.0 ou des ignorances gouvernementales. Clemenceau seul ne ment

402.0 1532.0 1134.0 66.0 pas quand il ££/££confie à un rédacteur de l'Associated Press,

402.0 1594.0 1203.0 70.0 pour l'édification du monde entier, que notre victoire pour-

402.0 1655.0 863.0 80.0 rait bien être une victoire à la Pyrrhus !..

697.0 1724.0 908.0 79.0 Je note seulement aujourd'hui deux des résul-

404.0 1792.0 1103.0 73.0 tats de cette guerre et de notre victoire à la Pyrrhus :
