1751 2197
902.0 129.0 114.0 54.0 - 3 -

326.0 256.0 1278.0 66.0 tandis que les moins héroïques constateront que nous ne pouvions

324.0 329.0 1221.0 49.0 faire autrement ; qu’il est encore heureux que nos sacrifices

324.0 391.0 1260.0 53.0 n’aient pas été faits en pure perte ; que nous aurions pu souf-

327.0 461.0 1314.0 57.0 frir tout autant pour finir par être vaincus. Donc il faut faire,

322.0 527.0 1262.0 55.0 dans la guerre actuelle, la part de l’immense soulagement qu’é-

324.0 593.0 1223.0 55.0 prouvera la France d’avoir échappé au danger en contribuant à

324.0 664.0 1223.0 50.0 l’effondrement du militarisme allemand, effondrement d’autant

324.0 726.0 1265.0 55.0 plus précieux qu’il aura coûté plus cher. Ceux qui auront pris

324.0 789.0 1322.0 62.0 part à cette victoire du bien sûr le mal et qui survivront, seront

324.0 849.0 1282.0 70.0 grandis, améliorés, à leur propres yeux. Une mère continuera de

322.0 928.0 1223.0 56.0 pleurer son fils tombés sur le champ de bataille, mais elle se

326.0 990.0 1214.0 57.0 dira que sa mort à libérer des générations d’autres aux enfants…

327.0 1049.0 1240.0 62.0 Et la nation tout entière se dira cela. Le deuil de tous de-

324.0 1118.0 1262.0 53.0 viendra le sacrifice de tous, la fierté de tous ; la France ac-

324.0 1188.0 1262.0 62.0 tuelle sera saignée, affaiblie mais vivifiée dans sa descendan-

326.0 1252.0 1245.0 58.0 ce par tout ce qu’elle aura donné d’elle-même, volontairement.

326.0 1318.0 1258.0 58.0 Un culte s’établira pour célébrer son sacrifice, culte national

322.0 1380.0 1302.0 64.0 et universel. Et ce culte deviendra lui-même une compensation et

322.0 1450.0 1280.0 64.0 une g/lorification de la guerre. C’est par centaines et centai-

318.0 1523.0 1209.0 47.0 nes de milliers que les peuples accourront, aussitôt la paix

324.0 1587.0 1221.0 62.0 rétablie, pour visiter la France et la Belgique sauvées. Nos

324.0 1653.0 1242.0 53.0 infortunées régions envahies deviendront un lieu de pèlerinage

320.0 1717.0 1258.0 57.0 universel. La postérité se déclarera leur débitrice. Et cette

320.0 1775.0 1242.0 74.0 dette sacrée, toute idéale, n’en sera pas moins la source d’un

324.0 1852.0 1179.0 68.0 renouveau prodigieux de vitalité. Dans cette atmosphère de
