1758 2197
836.0 109.0 121.0 48.0 - 6 -

287.0 219.0 1346.0 75.0 telle, - (malgré la paix inimaginable du Gouvernement allemand avec

285.0 303.0 1370.0 59.0 l’Ukraine et la démobilisation complète russe,) que le Gouvernement

283.0 371.0 1271.0 64.0 allemand se résigne à signer une paix générale acceptable. Une

287.0 435.0 1364.0 83.0 question restera à régler: celle des garanties de cette paix ; celle

287.0 508.0 1351.0 59.0 €€ des sanctions que devra prendre la Société des Nations qui se

287.0 573.0 1201.0 51.0 forme contre violation toujours à craindre de cette paix.

604.0 640.0 1033.0 61.0 Quelles sanctions entrevoyons-nous, non pour répri-

285.0 706.0 1330.0 66.0 mer mais pour prévenir cette violation ? C’est là ce que tout le

283.0 770.0 1330.0 57.0 monde a réclamé jusqu’ici en vain, - mais ce qui s’élabore pourtant

285.0 844.0 1330.0 64.0 peu à peu, sous la leçon douloureuse des événements. On entrevoit

287.0 913.0 1366.0 53.0 quatre degrés de sanctions successives vraiment impressionnantes pour

285.0 966.0 1229.0 70.0 l’Etat qui voudrait de nouveau nuancer la paix : les sanctions

283.0 1039.0 1271.0 64.0 diplomatiques et les sanctions juridiques, toutes deux aisément

285.0 1103.0 1308.0 68.0 applicables par décisions gouvernementales ; les sanctions écono-

283.0 1180.0 1328.0 52.0 miques, dont l’organisation exige le complet accord et la coopéra-

283.0 1237.0 1324.0 73.0 tion des contractants, et qui, moyennent cette organisation diffi-

282.0 1312.0 1311.0 64.0 cile, il est vrai, mais non impossible, pourront être tout à fait

283.0 1380.0 1286.0 71.0 efficaces ; enfin, et, en dernier ressort, bien entendu, et à la

269.0 1446.0 1302.0 58.0 dernière extrémité qu’il faut prévoir, les sanctions militaires.

287.0 1497.0 1379.0 81.0 ££J’££avoue que, pour ma part, je ne croyais pas beaucoup à ces dernières

280.0 1578.0 1327.0 62.0 sanctions : je les redoutais comme un danger, peut-être plus grand

280.0 1647.0 1336.0 64.0 que le mal ; je le vois pour s’ébaucher dans notre Commission,

280.0 1713.0 1227.0 59.0 avec une précision et une clarté inespérées, et avec toute la

280.0 1781.0 1247.0 55.0 prudence nécessaire, sur la proposition même de nos distingués

280.0 1836.0 729.0 77.0 collègues du Ministère de la Guerre.

598.0 1907.0 951.0 77.0 Pour m’en tenir à nos sanctions économiques, la
