1744 2197
914.0 128.0 108.0 49.0 - 2 -

732.0 283.0 885.0 68.0 "J’ai vu la noble cité de Reims en ruines et

441.0 353.0 1172.0 66.0 j’ai pensé : c’est ici que le coup a frappé, parce que les

436.0 421.0 1172.0 64.0 dirigeants du monde n’ont pas prévu le moyen de l’éviter".

437.0 492.0 1160.0 55.0 "Les dirigeants du monde ont pensé aux relations entre les

439.0 552.0 1074.0 70.0 "Gouvernements ; ils ont oublié les relations entre les

441.0 626.0 1152.0 51.0 "peuples ! Ils ont manœuvré des combinaisons d€i€plomatiques

441.0 688.0 1205.0 62.0 "quand ils auraient dû ne penser qu’à la destination des hommes,

439.0 752.0 1130.0 66.0 "des/femmes, des enfants, dont ils devaient sauvegarder la

437.0 814.0 609.0 68.0 "sécurité et le bien-être….. "

723.0 886.0 824.0 55.0 Mon cher Butler, c’est pour avoir essayé,

426.0 957.0 1145.0 55.0 depuis vingt and et davantage, de rappeler les dirigeants

428.0 1014.0 1180.0 62.0 à leur devoir que j’ai été mis en suspicion et paralysé. Si

428.0 1089.0 1123.0 55.0 ces dirigeants ne changent pas et de corps et d’âme, les

426.0 1147.0 1182.0 72.0 mêmes négligences, les mêmes fautes, les mêmes catastrophes

426.0 1215.0 627.0 61.0 sont à prévoir, sont certaines.

725.0 1270.0 821.0 75.0 Il fallait voir la figure maussade de nos

426.0 1354.0 1158.0 66.0 Ministres et l’aspect rogue et revêche de M. Poincaré pen-

425.0 1420.0 1161.0 55.0 dant qu’ils écoutaient, dans l’hémicycle, cet appel à plus

423.0 1486.0 1168.0 61.0 de prévoyance pour l’avenir, à plus de foi dans la Société

421.0 1552.0 1075.0 60.0 des Nations, acclamée avec enthousiasme par la gauche,

423.0 1618.0 1064.0 49.0 mais du bout des lèvres et pour la forme par le reste

419.0 1680.0 317.0 59.0 de l’Assemblée.

718.0 1746.0 866.0 59.0 "Quel dommage, me disait dans l’intimité un

421.0 1814.0 1161.0 53.0 de mes anciens amis, membre de la Conférence officielle, où

425.0 1883.0 1183.0 59.0 il représente une puissance belligérante dite de second ordre,
