1748 2197
846.0 100.0 121.0 48.0 - 6 -

311.0 188.0 1268.0 77.0 avec un pouvoir législatif, un pouvoir judiciaire et un pouvoir

311.0 270.0 240.0 66.0 exécutif...

573.0 324.0 1024.0 65.0 Quand nous disions cela, nous autres, membres de la

315.0 397.0 1264.0 66.0 Conférence de La Haye, fondateur de la Conciliation, promoteurs

316.0 461.0 1263.0 71.0 d'une éducation nationale et internationale de la paix, c'était

315.0 534.0 1279.0 70.0 ridicule, et la presse gouvernementale et académique de tous les

313.0 604.0 1204.0 55.0 pays avait pour mot d'ordre d'étouffer notre voix ou de nous

315.0 673.0 646.0 55.0 signaler à la défiance générale.

551.0 734.0 1072.0 62.0 Mais maintenant, la guerre a confirmé notre démonst€r€a-

313.0 803.0 1224.0 53.0 tion ; les aveugles voient, les sourds entendent ; il a fallu

311.0 867.0 1244.0 59.0 des millions de victimes humaines pour leur ouvrir les yeux et

315.0 931.0 1262.0 66.0 les oreilles. Et M. Gabriel Hanotaux, fort intelligent oppor-

313.0 994.0 1220.0 66.0 tuniste, sera le premier à faire les honneurs des idées qu'il

307.0 1063.0 1208.0 70.0 ne pouvait admettre en nous. C'est dans l'ordre, mais c'est

309.0 1125.0 1242.0 68.0 un bon signe ; je dirais un signe excellent si j'étais capable

309.0 1195.0 1246.0 73.0 de me consoler jamais qu'il ait fallu tant de douleurs et tant

309.0 1266.0 1283.0 66.0 de deuils pour faire comprendre, après €l€a guerre, ce qu'il était

307.0 1332.0 1081.0 61.0 si simple, mais non sans risques, de comprendre avant.

842.0 1437.0 583.0 62.0 Votre affectueusement dévoué,

760.0 1521.0 771.0 126.0 ££ ££ ££

203.0 1752.0 826.0 78.0 à Monsieur le Président N. Murray BUTLER.

577.0 1832.0 199.0 66.0 NEW-YORK.
