1760 2197
825.0 137.0 123.0 60.0 - 8 -

313.0 227.0 1263.0 75.0 de tous et tous à l’effort de chacun. Ce système ne pourra pas

313.0 307.0 1333.0 64.0 entrer en vigueur du jour au lendemain, comme les autres sanctions,

313.0 377.0 1322.0 66.0 par l’effet d’un décret revêtu de signatures officielles. C’est là

313.0 444.0 1322.0 61.0 qu’il faut se mettre en face de la réalité des faits. Il ne fonc-

315.0 507.0 1298.0 67.0 tionnera qu’après de multiples essais de chacun et de tous, après

311.0 582.0 1282.0 53.0 des tâtonnements et moyennant des résistances ou de difficultés

315.0 640.0 1280.0 74.0 inévitables, après un entraînement laborieux de recherches et ce

311.0 706.0 1284.0 79.0 conciliation dévouée ; cet entraînement, -je n’y connais, - est

315.0 783.0 1199.0 61.0 facile à prévoir sur le papier, mais ne s’accomplira qu’à la

313.0 845.0 1260.0 72.0 suite de minutieuses préparations techniques lesquelles agiront

313.0 909.0 1221.0 68.0 elles-mêmes sur la transformation nécessaire des mœurs et de

309.0 981.0 1317.0 69.0 l’"esprit internationale". N’espérons pas que cette transformation

305.0 1047.0 456.0 66.0 s’opérera toute seule!

622.0 1113.0 947.0 69.0 Ne nous faisons pas d’illusion et reconnaissons

305.0 1179.0 1301.0 71.0 notre erreur ; la "sanction de l’opinion", - sur laquelle je comp-

309.0 1250.0 1295.0 64.0 tais, avec nos amis et particulièrement avec Elihu Root, avant la

307.0 1318.0 1319.0 77.0 guerre, n’a pas joué. L’opinion n’a pas été et n’a pas pu être la

304.0 1387.0 1280.0 72.0 personne morale que nous attend  ions et qu’elle doit être ; elle

300.0 1448.0 1201.0 73.0 a été paralysée ; elle n’a pas eu de voix ou, ce qui est plus

304.0 1512.0 1357.0 86.0 grave, sa voix a été faussée ; elle risque d’être faussé de nouveau

300.0 1578.0 1242.0 78.0 dans les mauvais jours, par les manœuvres tendancieuses de la

300.0 1647.0 1258.0 77.0 presse sensationnelle. C’est la presse qui pousse aux conflits

298.0 1724.0 1216.0 68.0 et aux violations du droit au lieu de les prévenir. Dominée,

296.0 1777.0 1313.0 84.0 égarée par la presse de chantage, l’opinion n’a d’autre ressource,

296.0 1856.0 1301.0 81.0 sous ce régime de mensonge, que de subir l’irréparable. Ayons le
