1768 2197
875.0 106.0 118.0 60.0 - 2 -

318.0 214.0 1209.0 64.0 rapport devant la prochaine conférence interparlementaire de

320.0 276.0 1327.0 64.0 Londres. Cette conférence a été ajournée. La question n'en reste

316.0 353.0 1307.0 66.0 pas moins à l'ordre du jour : elle est même devenue peu/ à peu la

316.0 415.0 356.0 62.0 question du jour.

316.0 551.0 1266.0 69.0 comme insuffisants pour mettre fin à la guerre, - ( ce qui, par

615.0 481.0 951.0 73.0 A mesure que les moyens militaires apparaissent

315.0 620.0 1249.0 75.0 parenthèse, n'est pas à l'honneur du militarisme), - on est bien

313.0 688.0 1282.0 66.0 obligé de chercher autre chose, et c'est ainsi qu'on est arrivé,

311.0 756.0 1310.0 78.0 du côté des Alliés, à l'emploi concerté des forces économiques de

313.0 825.0 1264.0 77.0 chacun contre l'ennemi commun. - L'arme économique n'est donc

311.0 887.0 1248.0 81.0 qu'un moyen de suppléer à l'insuffisance de la force navale et

309.0 964.0 1204.0 68.0 militaires des Alliés, comme la terrorisation est le moyen du

309.0 1019.0 1345.0 83.0 militarisme allemand ; mais, par un paradoxe inattendu, l'emploi de

311.0 1089.0 1303.0 82.0 cette arme exige une organisation collective des États  tellement

307.0 1160.0 1268.0 75.0 étudiée qu'elle devient, en fait, une préparation de la Société

304.0 1222.0 1308.0 79.0 des Nations. C'est pendant la guerre et sous la contrainte de la

304.0 1298.0 1326.0 78.0 guerre que les Gouvernements auront été réduits à faire le premier

302.0 1365.0 907.0 74.0 essai d'une organisation sérieuse de la paix!

300.0 1490.0 1207.0 82.0 de nos discussions les plus approfondies et, à mon avis, les

602.0 1429.0 1028.0 83.0 Cela est si vrai que l'arme économique fait l'objet

300.0 1563.0 1207.0 90.0 plus utiles, à la Commission "pour l'étude de la Société des

294.0 1631.0 1257.0 84.0 Nations", qui siège aux Affaires Etrangères et dont

214.0 1764.0 1425.0 94.0 je vous €€ ai parlé. - Je ne puis naturellement me départir, sur ce

293.0 1841.0 1245.0 72.0 point, du secret professionnel. Je puis cependant, et je dois

294.0 1900.0 1283.0 95.0 insister sur les initiatives répétées, hardies et excellentes de
