<?xml version="1.0" encoding="UTF-8"?>
<alto xmlns:xsi="http://www.w3.org/2001/XMLSchema-instance"
      xmlns="http://www.loc.gov/standards/alto/ns-v4#"
      xsi:schemaLocation="http://www.loc.gov/standards/alto/ns-v4# http://www.loc.gov/standards/alto/v4/alto-4-2.xsd">
  <Description>
    <MeasurementUnit>pixel</MeasurementUnit>
    <sourceImageInformation>
      <fileName>FRAD072_12J384_lettre0203_001.jpg</fileName>
      
    </sourceImageInformation>
  </Description>
  
  <Layout>
    <Page WIDTH="1745"
          HEIGHT="2197"
          PHYSICAL_IMG_NR="40"
          ID="eSc_dummypage_">
      <PrintSpace HPOS="0"
                  VPOS="0"
                  WIDTH="1745"
                  HEIGHT="2197">
        

        
        <TextBlock ID="eSc_dummyblock_">
          
          
          <TextLine ID="eSc_line_8e11cfba"
                    
                    BASELINE="752 173 1052 170" 
                    HPOS="750.0"
                    VPOS="142.0"
                    WIDTH="302.0"
                    HEIGHT="68.0">
            <Shape><Polygon POINTS="752 173 752 210 1052 210 1052 170 1047 142 750 142 752 173"/></Shape>
	    <String CONTENT="LETTRE N°203."
                    HPOS="750.0"
                    VPOS="142.0"
                    WIDTH="302.0"
                    HEIGHT="68.0"></String>
          </TextLine>

          
          
          <TextLine ID="eSc_line_3f538c92"
                    
                    BASELINE="186 259 428 259" 
                    HPOS="186.0"
                    VPOS="223.0"
                    WIDTH="242.0"
                    HEIGHT="82.0">
            <Shape><Polygon POINTS="186 259 186 305 428 292 428 259 428 234 186 223 186 259"/></Shape>
	    <String CONTENT="SÉNAT"
                    HPOS="186.0"
                    VPOS="223.0"
                    WIDTH="242.0"
                    HEIGHT="82.0"></String>
          </TextLine>

          
          
          <TextLine ID="eSc_line_5392ba99"
                    
                    BASELINE="1014 305 1503 300" 
                    HPOS="1012.0"
                    VPOS="261.0"
                    WIDTH="491.0"
                    HEIGHT="72.0">
            <Shape><Polygon POINTS="1014 305 1014 333 1501 333 1503 300 1497 261 1397 272 1353 265 1336 263 1334 263 1333 263 1331 263 1327 267 1314 274 1272 269 1246 265 1245 265 1129 272 1080 276 1074 274 1049 267 1047 267 1045 267 1043 267 1012 274 1014 305"/></Shape>
	    <String CONTENT="PARIS, 29 Décembre 1916."
                    HPOS="1012.0"
                    VPOS="261.0"
                    WIDTH="491.0"
                    HEIGHT="72.0"></String>
          </TextLine>

          
          
          <TextLine ID="eSc_line_ec099e92"
                    
                    BASELINE="505 444 1195 437" 
                    HPOS="503.0"
                    VPOS="400.0"
                    WIDTH="692.0"
                    HEIGHT="79.0">
            <Shape><Polygon POINTS="505 444 505 479 1195 472 1195 437 1192 410 1038 400 1036 400 1034 400 1032 400 1018 411 1016 411 1001 411 917 402 915 402 853 411 842 413 833 413 778 404 776 404 774 404 772 404 772 406 763 413 754 413 633 406 631 406 503 415 505 444"/></Shape>
	    <String CONTENT="LES FETES du JOUR de l’AN à PARIS ."
                    HPOS="503.0"
                    VPOS="400.0"
                    WIDTH="692.0"
                    HEIGHT="79.0"></String>
          </TextLine>

          
          
          <TextLine ID="eSc_line_502ed772"
                    
                    BASELINE="523 541 1113 538" 
                    HPOS="521.0"
                    VPOS="503.0"
                    WIDTH="592.0"
                    HEIGHT="75.0">
            <Shape><Polygon POINTS="523 541 523 574 1109 578 1113 538 1109 514 948 503 946 503 840 512 814 514 802 512 765 505 763 505 521 510 523 541"/></Shape>
	    <String CONTENT="CANDIDATURES ACADÉMIQUES ."
                    HPOS="521.0"
                    VPOS="503.0"
                    WIDTH="592.0"
                    HEIGHT="75.0"></String>
          </TextLine>

          
          
          <TextLine ID="eSc_line_9ac965af"
                    
                    BASELINE="919 704 1248 697" 
                    HPOS="917.0"
                    VPOS="659.0"
                    WIDTH="331.0"
                    HEIGHT="71.0">
            <Shape><Polygon POINTS="919 704 919 730 1248 728 1248 697 1245 670 1164 659 1162 659 917 675 919 704"/></Shape>
	    <String CONTENT="Mon cher Butler,"
                    HPOS="917.0"
                    VPOS="659.0"
                    WIDTH="331.0"
                    HEIGHT="71.0"></String>
          </TextLine>

          
          
          <TextLine ID="eSc_line_dc3a0220"
                    
                    BASELINE="589 869 1554 869" 
                    HPOS="589.0"
                    VPOS="834.0"
                    WIDTH="965.0"
                    HEIGHT="61.0">
            <Shape><Polygon POINTS="589 869 589 895 1554 886 1554 869 1552 834 1505 844 1298 836 1219 834 1217 834 1164 838 1091 844 1067 840 1043 834 1041 834 1040 834 1025 840 1012 844 997 840 977 834 975 834 974 834 911 842 882 844 866 842 825 834 823 834 822 834 820 834 809 842 805 844 802 842 783 834 781 834 780 834 715 844 708 844 704 844 675 834 673 834 671 834 589 844 589 869"/></Shape>
	    <String CONTENT=" Voici de nouveau des fêtes de la Noël et du Jour "
                    HPOS="589.0"
                    VPOS="834.0"
                    WIDTH="965.0"
                    HEIGHT="61.0"></String>
          </TextLine>

          
          
          <TextLine ID="eSc_line_7f88f00e"
                    
                    BASELINE="289 941 1569 931" 
                    HPOS="287.0"
                    VPOS="908.0"
                    WIDTH="1282.0"
                    HEIGHT="62.0">
            <Shape><Polygon POINTS="289 941 289 970 809 957 1565 959 1569 931 1565 908 287 908 289 941"/></Shape>
	    <String CONTENT="de l&#39;An à Paris. Si on ne rencontrait, à tout instant, dans les "
                    HPOS="287.0"
                    VPOS="908.0"
                    WIDTH="1282.0"
                    HEIGHT="62.0"></String>
          </TextLine>

          
          
          <TextLine ID="eSc_line_e9efaf3e"
                    
                    BASELINE="292 1008 1547 1001" 
                    HPOS="291.0"
                    VPOS="977.0"
                    WIDTH="1256.0"
                    HEIGHT="55.0">
            <Shape><Polygon POINTS="292 1008 292 1032 1545 1028 1547 1001 1541 977 291 983 292 1008"/></Shape>
	    <String CONTENT="rues, dans les tramways et le métro, des femmes en grand deuil,"
                    HPOS="291.0"
                    VPOS="977.0"
                    WIDTH="1256.0"
                    HEIGHT="55.0"></String>
          </TextLine>

          
          
          <TextLine ID="eSc_line_255fadfb"
                    
                    BASELINE="289 1072 1591 1063" 
                    HPOS="287.0"
                    VPOS="1038.0"
                    WIDTH="1304.0"
                    HEIGHT="56.0">
            <Shape><Polygon POINTS="289 1072 289 1094 1591 1085 1591 1063 1585 1038 287 1041 289 1072"/></Shape>
	    <String CONTENT="des/soldats et des officiers blessés ou mutilés, on oublierait que "
                    HPOS="287.0"
                    VPOS="1038.0"
                    WIDTH="1304.0"
                    HEIGHT="56.0"></String>
          </TextLine>

          
          
          <TextLine ID="eSc_line_7eb6a4d2"
                    
                    BASELINE="289 1142 1550 1133" 
                    HPOS="287.0"
                    VPOS="1109.0"
                    WIDTH="1263.0"
                    HEIGHT="60.0">
            <Shape><Polygon POINTS="289 1142 289 1158 316 1169 318 1169 320 1169 631 1158 780 1168 781 1168 873 1157 1041 1166 1043 1166 1550 1149 1550 1133 1545 1109 287 1116 289 1142"/></Shape>
	    <String CONTENT="nous sommes encore en guerre. C&#39;est à ne pas le croire. Je ne"
                    HPOS="287.0"
                    VPOS="1109.0"
                    WIDTH="1263.0"
                    HEIGHT="60.0"></String>
          </TextLine>

          
          
          <TextLine ID="eSc_line_75b908e5"
                    
                    BASELINE="291 1208 1516 1199" 
                    HPOS="289.0"
                    VPOS="1166.0"
                    WIDTH="1227.0"
                    HEIGHT="69.0">
            <Shape><Polygon POINTS="291 1208 291 1235 576 1226 765 1233 767 1233 769 1233 770 1233 783 1224 1512 1228 1516 1199 1512 1171 1322 1166 1320 1166 1193 1175 1148 1177 1120 1175 1040 1168 1038 1168 1036 1168 1034 1168 1023 1177 1019 1179 1003 1177 952 1169 950 1169 895 1179 886 1179 878 1179 833 1169 831 1169 772 1179 759 1180 745 1180 682 1173 681 1173 289 1184 291 1208"/></Shape>
	    <String CONTENT="sais pas trop ce qu&#39;en pensent les soldats au front, dans les "
                    HPOS="289.0"
                    VPOS="1166.0"
                    WIDTH="1227.0"
                    HEIGHT="69.0"></String>
          </TextLine>

          
          
          <TextLine ID="eSc_line_1cfe5a89"
                    
                    BASELINE="294 1274 1175 1266" 
                    HPOS="292.0"
                    VPOS="1241.0"
                    WIDTH="883.0"
                    HEIGHT="53.0">
            <Shape><Polygon POINTS="294 1274 294 1294 1175 1288 1175 1266 1170 1241 292 1248 294 1274"/></Shape>
	    <String CONTENT="tranchées et dans la boue, mais c&#39;est ainsi."
                    HPOS="292.0"
                    VPOS="1241.0"
                    WIDTH="883.0"
                    HEIGHT="53.0"></String>
          </TextLine>

          
          
          <TextLine ID="eSc_line_6e7acba8"
                    
                    BASELINE="574 1338 1631 1331" 
                    HPOS="573.0"
                    VPOS="1296.0"
                    WIDTH="1058.0"
                    HEIGHT="64.0">
            <Shape><Polygon POINTS="574 1338 574 1358 1627 1360 1631 1331 1627 1307 1492 1296 1490 1296 1441 1305 1409 1296 1408 1296 1406 1296 1360 1307 1354 1307 1331 1307 1151 1298 1149 1298 1148 1298 1146 1298 1146 1299 1137 1307 1137 1309 573 1309 574 1338"/></Shape>
	    <String CONTENT="Le soir et les après-midis, les théâtres sont combles ;"
                    HPOS="573.0"
                    VPOS="1296.0"
                    WIDTH="1058.0"
                    HEIGHT="64.0"></String>
          </TextLine>

          
          
          <TextLine ID="eSc_line_1cf766a8"
                    
                    BASELINE="294 1407 1552 1396" 
                    HPOS="292.0"
                    VPOS="1365.0"
                    WIDTH="1260.0"
                    HEIGHT="64.0">
            <Shape><Polygon POINTS="294 1407 294 1429 1552 1422 1552 1396 1547 1365 292 1376 294 1407"/></Shape>
	    <String CONTENT="on y donne surtout des pièces gaies. J&#39;y suis allée avec mes en-"
                    HPOS="292.0"
                    VPOS="1365.0"
                    WIDTH="1260.0"
                    HEIGHT="64.0"></String>
          </TextLine>

          
          
          <TextLine ID="eSc_line_eb11e0c8"
                    
                    BASELINE="296 1473 1532 1462" 
                    HPOS="294.0"
                    VPOS="1435.0"
                    WIDTH="1238.0"
                    HEIGHT="58.0">
            <Shape><Polygon POINTS="296 1473 296 1493 1530 1486 1532 1462 1527 1435 294 1446 296 1473"/></Shape>
	    <String CONTENT="fants, neveux, nièces réunis à Paris, comme à l&#39;ordinaire. On "
                    HPOS="294.0"
                    VPOS="1435.0"
                    WIDTH="1238.0"
                    HEIGHT="58.0"></String>
          </TextLine>

          
          
          <TextLine ID="eSc_line_08464d96"
                    
                    BASELINE="296 1537 1598 1530" 
                    HPOS="294.0"
                    VPOS="1506.0"
                    WIDTH="1304.0"
                    HEIGHT="63.0">
            <Shape><Polygon POINTS="296 1537 296 1569 622 1558 1594 1561 1598 1530 1593 1506 294 1512 296 1537"/></Shape>
	    <String CONTENT="rit, on s&#39;amuse franchement. Les pièces comiques n&#39;ont jamais eu "
                    HPOS="294.0"
                    VPOS="1506.0"
                    WIDTH="1304.0"
                    HEIGHT="63.0"></String>
          </TextLine>

          
          
          <TextLine ID="eSc_line_b09b88ba"
                    
                    BASELINE="294 1605 1556 1596" 
                    HPOS="292.0"
                    VPOS="1567.0"
                    WIDTH="1264.0"
                    HEIGHT="60.0">
            <Shape><Polygon POINTS="294 1605 294 1627 1554 1618 1556 1596 1550 1567 292 1580 294 1605"/></Shape>
	    <String CONTENT="tant de succès, depuis le Bourgeois Gentilhomme jusqu&#39;à la Dame"
                    HPOS="292.0"
                    VPOS="1567.0"
                    WIDTH="1264.0"
                    HEIGHT="60.0"></String>
          </TextLine>

          
          
          <TextLine ID="eSc_line_5744f47f"
                    
                    BASELINE="294 1671 1609 1660" 
                    HPOS="292.0"
                    VPOS="1631.0"
                    WIDTH="1317.0"
                    HEIGHT="69.0">
            <Shape><Polygon POINTS="294 1671 294 1691 499 1700 501 1700 503 1700 534 1691 540 1691 1609 1691 1609 1660 1604 1631 292 1644 294 1671"/></Shape>
	    <String CONTENT="de chez Maxim. Les acteurs, les musiciens, chanteurs, chanteuses,"
                    HPOS="292.0"
                    VPOS="1631.0"
                    WIDTH="1317.0"
                    HEIGHT="69.0"></String>
          </TextLine>

          
          
          <TextLine ID="eSc_line_8ba94053"
                    
                    BASELINE="298 1735 1578 1730" 
                    HPOS="296.0"
                    VPOS="1699.0"
                    WIDTH="1282.0"
                    HEIGHT="65.0">
            <Shape><Polygon POINTS="298 1735 298 1764 1576 1752 1578 1730 1574 1708 1153 1699 1151 1699 1149 1699 1122 1708 1118 1709 296 1709 298 1735"/></Shape>
	    <String CONTENT="danseuses, figurantes et figurants vivent je ne sais pas quel mi-"
                    HPOS="296.0"
                    VPOS="1699.0"
                    WIDTH="1282.0"
                    HEIGHT="65.0"></String>
          </TextLine>

          
          
          <TextLine ID="eSc_line_a89a1724"
                    
                    BASELINE="300 1807 1591 1799" 
                    HPOS="298.0"
                    VPOS="1775.0"
                    WIDTH="1293.0"
                    HEIGHT="55.0">
            <Shape><Polygon POINTS="300 1807 300 1830 1589 1830 1591 1799 1587 1777 298 1775 300 1807"/></Shape>
	    <String CONTENT="racle de maigres salaires, rentrent chez eux, je ne sais comment :"
                    HPOS="298.0"
                    VPOS="1775.0"
                    WIDTH="1293.0"
                    HEIGHT="55.0"></String>
          </TextLine>

          
          
          <TextLine ID="eSc_line_2cb35aa0"
                    
                    BASELINE="300 1869 1596 1869" 
                    HPOS="300.0"
                    VPOS="1845.0"
                    WIDTH="1296.0"
                    HEIGHT="51.0">
            <Shape><Polygon POINTS="300 1869 300 1896 1596 1893 1596 1869 1594 1845 300 1845 300 1869"/></Shape>
	    <String CONTENT="trop tard le plus souvent pour trouver un moyen de locomotion ;"
                    HPOS="300.0"
                    VPOS="1845.0"
                    WIDTH="1296.0"
                    HEIGHT="51.0"></String>
          </TextLine>

          
          
          <TextLine ID="eSc_line_cbad13f6"
                    
                    BASELINE="298 1933 1625 1938" 
                    HPOS="296.0"
                    VPOS="1902.0"
                    WIDTH="1329.0"
                    HEIGHT="67.0">
            <Shape><Polygon POINTS="298 1933 296 1960 1622 1969 1625 1938 1624 1911 298 1902 298 1933"/></Shape>
	    <String CONTENT="on n&#39;en joue pas moins joyeusement. Les concerts réorganisés sont,"
                    HPOS="296.0"
                    VPOS="1902.0"
                    WIDTH="1329.0"
                    HEIGHT="67.0"></String>
          </TextLine>

          
          
          <TextLine ID="eSc_line_3b40938a"
                    
                    BASELINE="181 2070 983 2067" 
                    HPOS="179.0"
                    VPOS="2032.0"
                    WIDTH="804.0"
                    HEIGHT="64.0">
            <Shape><Polygon POINTS="181 2070 181 2096 981 2094 983 2067 975 2032 950 2041 179 2035 181 2070"/></Shape>
	    <String CONTENT="à Monsieur le Président N.Murray BUTLER."
                    HPOS="179.0"
                    VPOS="2032.0"
                    WIDTH="804.0"
                    HEIGHT="64.0"></String>
          </TextLine>

          
        </TextBlock>
        
      </PrintSpace>
    </Page>
  </Layout>
</alto>
