1751 2197
870.0 126.0 120.0 51.0 - 5 -

320.0 227.0 1242.0 62.0 longuement avec lui depuis la guerre. Je m'intéresse peu aux

318.0 298.0 1244.0 57.0 réf/lexions de ceux de nos hommes d'élite qui ont eu besoin de

320.0 364.0 1218.0 58.0 la guerre pour découvrir ce qu'ils nous accusent d'avoir com-

318.0 428.0 1207.0 55.0 pris avant eux. Mais, j'ai lu parfois ou parcouru quelques-

318.0 492.0 1224.0 55.0 uns de ses nombreux articles souvent très-brillants et pleins

318.0 554.0 1215.0 68.0 d'idées personnelles ou non. Je m'attendais à son évolution.

320.0 629.0 1183.0 63.0 Elle est venue plus complète, plus vite que je ne pensais, -

305.0 703.0 1196.0 54.0 (Malgré les réserves qu'il doit à son public du Figaro, pour

316.0 763.0 1240.0 51.0 ne pas trop détonner) et nous somme bien récompensés aujourd'

316.0 827.0 1242.0 57.0 hui de lui avoir fait crédit. Ne manquez pas de le féliciter.

322.0 889.0 1212.0 70.0 Il pourra dire de moi tout ce qu'il voudra, il dit comme moi,

318.0 961.0 1042.0 62.0 c'est l'essentiel. Je ne lui en demandais pas tant.

573.0 1023.0 1027.0 70.0 Le voilà qui, maintenant, préconise à peu près tout

316.0 1087.0 1240.0 70.0 ce qu'on nous accusait de rêver quand nous voulions épargner à

316.0 1164.0 1260.0 57.0 la civilisation les hécatombes et les ruines qui la déshonorent

315.0 1221.0 313.0 67.0 et la désolent.

554.0 1287.0 962.0 62.0 Lui aussi, réclame, comme jadis Léon Bourgeois à

316.0 1360.0 1240.0 66.0 La Haye, une "Société des Nations". Il réclame, comme Auguste

316.0 1424.0 1242.0 66.0 Lalance, une "Europe nouvelle". Il parle du "désarmement", de

322.0 1484.0 1236.0 72.0 "l'arbitrage" et enfin du point capital : "l'organisation de la

315.0 1561.0 1260.0 59.0 paix". Je crois m'entendre, il y a dix ans, quand il suffisait

313.0 1625.0 1185.0 66.0 de prévoir et de prévenir tout le sang qui coule à présent !

316.0 1688.0 1273.0 67.0 Il réclame, lui aussi, une institution internationale universel-

311.0 1763.0 1264.0 58.0 le : les Etats-Généraux du monde, un parlement international, un

309.0 1829.0 1233.0 64.0 parlement universel : que dis-je ? Un gouvernement universel,
