1745 2197
833.0 95.0 120.0 64.0 - 2 -

327.0 221.0 1200.0 60.0 régime parlementaire ; il aura contribué à le justifier et à

325.0 289.0 1240.0 60.0 faire taire ses détracteurs. M. Clémenceau, lui-même, qui n'a

324.0 362.0 1203.0 59.0 pas eu à s'en louer, écrit ce matin : "De quelque façon qu'on

325.0 421.0 1297.0 71.0 envisage la conclusion de l'affaire, il est acquis que toutes les

320.0 490.0 1265.0 70.0 passions, tous les dissentiments se sont fondés dans la commune

324.0 558.0 1217.0 69.0 conscience d'un devoir supérieur envers la patrie, et que, du

322.0 627.0 1260.0 61.0 premier mot au dernier, le débat s'est poursuivi dans une haute

322.0 690.0 375.0 64.0 tenue de dignité."

596.0 750.0 1028.0 70.0 Je n'ai pas le droit de parler de ces deux semaines

324.0 827.0 1256.0 53.0 où le Parlement français, livré à lui-même, a discuté librement

325.0 895.0 1257.0 60.0 avec le Gouvernement de son choix, le passé, le présent, l'ave-

320.0 957.0 1205.0 59.0 nir de la Guerre actuelle. J'aurais pourtant un bel éloge à

324.0 1019.0 1237.0 74.0 faire de ces séances que trop d'émotions pouvaient troubler en

320.0 1085.0 1256.0 68.0 pleine bataille de Verdun, et au moment même où commençait, sur

320.0 1151.0 1318.0 71.0 la Somme, notre offensive générale. J'en suis sorti pénétré d'une

322.0 1217.0 1254.0 68.0 conviction fortifiée non seulement dans le succès de la guerre,

316.0 1292.0 1319.0 59.0 mais dans l'avenir de nos institutions républicaines. Je regrette

316.0 1360.0 1178.0 60.0 bien que l'Empereur d'Allemagne n'aît pû, par miracle, être

320.0 1422.0 1296.0 70.0 exactement renseigné sur ce qui s'y est passé. Il y aurait vu le

316.0 1486.0 1256.0 64.0 plus impressionnant témoignage de la résolution d'un peuple dé-

318.0 1554.0 1214.0 68.0 cidé à se sacrifier pour repousser le militarisme allemand et

314.0 1625.0 526.0 59.0 pour en délivrer le monde.

607.0 1684.0 927.0 71.0 La Chambre, après une semaine de débats, s'est

311.0 1752.0 1223.0 64.0 mise d'accord, par une très grande majorité, (444 voix contre

314.0 1821.0 1236.0 59.0 97, et quelques abstentions, sur 566 membres) pour soutenir le

316.0 1889.0 1211.0 68.0 Gouvernement dans la poursuite de la guerre. Mais non, c'est
