1753 2197
904.0 128.0 116.0 56.0 - 7. -

393.0 252.0 1162.0 68.0 jardin de Candide. Il ne peut être indifférent, - et il ne

391.0 320.0 1224.0 69.0 peut plus gouverner. Son rôle se borne donc à critiquer ou à

390.0 391.0 1148.0 64.0 attaquer ses successeurs, à morigéner ses contemporain€e€s.

390.0 459.0 254.0 66.0 Rôle ingrat.

685.0 521.0 872.0 59.0 S'il avait vécu plus longtemps, gardant les

391.0 596.0 1145.0 57.0 facultés de sa jeunesse, peut-être le Président Roosevelt

393.0 655.0 1220.0 62.0 eût-il oublier les inimitiés que son ardeur prolongée et

391.0 730.0 1186.0 53.0 accumulée li avait suscitées ; peut-être eût-il recommencé

391.0 789.0 1182.0 64.0 une vie, comme Clémenceau ? comme Gladstone ? Quoiqu'il en

388.0 856.0 1225.0 63.0 soit, les Américains peuvent être fiers et reconnaissants des

390.0 924.0 1258.0 66.0 services qu'il leur a rendus et à l'intérieur et à l'extérieur ;

388.0 995.0 1203.0 57.0 la France ne pourra jamais oublier la part qu'il €a€prise dans

386.0 1061.0 1167.0 64.0 ses épreuves et dans sa victoire ; l'Humanité inscrira son

384.0 1125.0 711.0 59.0 nom parmi ceux de ses bienfaiteurs.

899.0 1259.0 584.0 66.0 Votre affectueusement dévoué,

947.0 1331.0 355.0 106.0 ££

164.0 1578.0 947.0 69.0 à Monsieur le Président Nicholas Murray BUTLER,

582.0 1653.0 200.0 75.0 NEW-YORK.
