1741 2197
903.0 111.0 115.0 59.0 - 3 -

285.0 221.0 1303.0 68.0 l’armée d'Orient, l'autre de notre flotte, l'autre du front pour

285.0 296.0 1302.0 64.0 les mères, les sœurs, les femmes réunies autour des enfants. On

285.0 358.0 1265.0 68.0 fêtait aussi mon fils qui a terminé brillamment ses épreuves et

285.0 437.0 1186.0 60.0 qui, venu en permission, portait pour la première fois ses

287.0 505.0 1243.0 58.0 insignes de pilote aviateur militaire, avant d'être envoyé sur

284.0 569.0 1207.0 55.0 un avion de chasse, N££/££ieuport, pour affronter le duel déjà

285.0 633.0 1265.0 60.0 classique, avion contre avion, soit le combat nouveau hydravion

287.0 710.0 378.0 57.0 contre sous-marin.

586.0 761.0 1023.0 68.0 Les jeunes soldats amis de la maison se rencontrent

289.0 829.0 1235.0 68.0 ou se succèdent dans leurs uniformes variés, qui en artilleur,

289.0 906.0 1301.0 57.0 qui en fantassin, en cavalier ; et, avec eux, des jeunes gens dont

289.0 972.0 1281.0 49.0 nous suivions les études, - (ceux qui ne sont pas disparus) quel-

287.0 1030.0 1259.0 70.0 ques-uns boiteux, malades, amputés mais tous gais, quand même,

287.0 1102.0 356.0 60.0 comme auparavant.

584.0 1158.0 1015.0 70.0 A la cuisine nos anciens domestiques et nos blessés

289.0 1241.0 1285.0 49.0 surviennent, dînent, vont au théâtre avec la femme de chambre ou

289.0 1301.0 1023.0 62.0 la cuisinière, chacune leur tour, comme auparavant.

571.0 1365.0 977.0 61.0 Tous sont étonnés de la gaieté des boulevards. Le

291.0 1433.0 1239.0 55.0 temps est beau et sec. Les petites voitures de fleurs du Midi

291.0 1495.0 1259.0 57.0 œillets, mimosas, violettes, sont rangées le long des trottoirs,

291.0 1563.0 1200.0 55.0 comme d'habitude ; elles s'entremêlent avec celles de fruits

291.0 1638.0 1215.0 55.0 d'Algérie, d'Amérique, des Antilles, oranges, bananes, dates,

291.0 1699.0 1222.0 53.0 raisins, figues. La circulation est gênée. Les baraques du

289.0 1770.0 1237.0 64.0 Jour de l'An se sont alignés et remplies comme à l'ordinaire ;

289.0 1832.0 1336.0 70.0 pleines de jouets, d'articles de Paris, de nouveautés. Les fusils,

313.0 1907.0 1296.0 68.0 les canons, les soldats articulés, les croix, font le bonheur des
