1750 2197
874.0 126.0 137.0 68.0 - 13 -

339.0 228.0 1332.0 66.0 que je vois les Gouvernements de nos alliés sollicités de renoncer

340.0 303.0 1364.0 64.0 aux garanties essentielles qui faisaient leur honneur et leur force;

337.0 364.0 1372.0 69.0 XXXXXXXX malheur à eux, malheur à nous, s’ils se laissent entraîner

340.0 439.0 1268.0 60.0 de bonne foi, mais aveuglément, à des manœuvres qu’ils ne nous

339.0 514.0 1246.0 57.0 pardonneront pas et qu’ils ne se pardonneront pas à eux-mêmes,

340.0 571.0 1322.0 73.0 quand ils découvriront qu’elles sont entreprises contre la vérité.

637.0 640.0 942.0 59.0 Je reviens donc à ma formule d’une application

339.0 712.0 1147.0 58.0 difficile certes, mais qu’il faut d’autant plus méditer:

612.0 812.0 835.0 63.0 Mobilisez-vous, ne vous militarisez pas,

339.0 904.0 1328.0 82.0 Si vous ne voulez pas tomber du régime idéal de vos libertés exem-

337.0 981.0 1086.0 68.0 plaires dans les bassesses classiques de la dictature.

831.0 1113.0 587.0 60.0 Votre affectueusement dévoué,

817.0 1221.0 716.0 139.0 ££ ££ ££

194.0 1435.0 808.0 79.0 à Monsieur le Président N.Murray BUTLER.

529.0 1506.0 209.0 83.0 NEW-YORK.
