1750 2197
828.0 148.0 121.0 60.0 - 5 -

353.0 234.0 1184.0 80.0 Dieu : " Dieu nous protège ! " Encore un peu il s’écrirait :

355.0 314.0 1285.0 68.0 " Ayez pitié de nous. Mon Dieu ! " Et tel est bien le sens de ses

351.0 378.0 1267.0 72.0 paroles sacrilèges. Je copie ce misérable passage d’un des der-

348.0 452.0 1233.0 58.0 niers discours qu’il est venu prononcer sur les ruines de nos

351.0 512.0 1191.0 70.0 Flandres, pour encourager ses troupes à persévérer dans son

353.0 585.0 152.0 64.0 crime :

350.0 785.0 1264.0 66.0 il ; mais nous ne connaissons pas le moment où Dieu nous donnera

747.0 703.0 827.0 84.0 " Dieu nous fera gagner cette guerre,dit-

348.0 854.0 1281.0 63.0 la victoire. C’est à Dieu à décider le moment où nous vaincrons.

346.0 913.0 1213.0 68.0 Dieu a fait passer notre peuple et notre armée par une école

344.0 986.0 1209.0 66.0 pénible. Actuellement, nous avons à passer l’examen. Appuyés

348.0 1052.0 1277.0 68.0 sur l’ancienne confiance en Dieu des Allemands, nous voulons dé-

340.0 1116.0 1272.0 72.0 montrer ce que nous pouvons…… Avec l’aide de Dieu, nous nous

344.0 1186.0 790.0 68.0 battrons jusqu’à une fin victorieuse. "

337.0 1543.0 1215.0 79.0 sa détestable dynastie ; je crois que €ce€ €trône€ est perdue; les

731.0 1477.0 877.0 66.0 Je ne pense pas que le Dieu du Kaiser sauve

1066.0 1532.0 145.0 48.0 ££ ££

337.0 1611.0 1270.0 69.0 États-Unis seront fiers d’avoir contribué au dénouement et, par

340.0 1680.0 1263.0 68.0 là, rétabli, sur des bases durables, la paix du monde. Alors, la

335.0 1755.0 1253.0 61.0 vraie religion de l’Humanité triomphera sur la fausse religion

335.0 1821.0 1264.0 68.0 des Empereurs. La vraie pitié, c’est que, pour atteindre la dy-

339.0 1882.0 1258.0 73.0 nastie de l’Empereur d’Allemagne, il faut anéantir tant de peu-

1546.0 1918.0 110.0 77.0 ples;
