1745 2197
807.0 124.0 126.0 62.0 - 3 -

309.0 241.0 1263.0 75.0 mieux que cela, la poursuite de la guerre n'était pas en cause :

318.0 324.0 1236.0 64.0 la seule question était de soutenir et, au besoin, de stimuler

316.0 384.0 1297.0 60.0 l'énergie du Gouvernement. La minorité qui a refusé sa confiance

316.0 448.0 1297.0 64.0 au Gouvernement était loin de lui reprocher la prolongation de la

313.0 518.0 1298.0 67.0 guerre ; elle trouvait, au contraire, son énergie insuffisante. -

314.0 584.0 1277.0 60.0 De même, au Sénat, nous avons été unanimes à donner au Gouverne-

313.0 659.0 1243.0 55.0 ment notre confiance pour agir : six voix seulement, dont celle

314.0 714.0 1258.0 75.0 de M. Clémenceau, qui ne représente certes pas l'esprit pacifi-

314.0 781.0 645.0 68.0 que, ont refu é cette confiance.

606.0 844.0 950.0 75.0 Donc, la moralité de ces deux longues délibéra-

314.0 919.0 1313.0 64.0 tions secrètes est que la France veut, après deux années écoulées

314.0 994.0 956.0 51.0 plus que jamais pousser la guerre jusqu'au bout.

607.0 1047.0 925.0 67.0 Cette guerre, en réalité, n'est pas la guerre.

313.0 1122.0 1239.0 55.0 c'est la révolte contre la guerre. Plus la France a été paci-

314.0 1180.0 1196.0 70.0 fique, plus elle doit repousser définitivement la guerre qui

313.0 1250.0 1212.0 60.0 nous a été faite, malgré nous, malgré tout, malgré la raison,

311.0 1310.0 1221.0 66.0 malgré le droit, malgré l'Humanité. Il faut que cette guerre

311.0 1385.0 1278.0 59.0 finisse véritablement, qu'elle soit condamnée, exécutée ; qu'elle

311.0 1446.0 1256.0 64.0 ne puisse pas recommencer. Guerre sans merci à l'agresseur qui

313.0 1512.0 1237.0 62.0 a rompu la paix et déchaîné sur le monde la Barbarie ! Voilà en

311.0 1578.0 1155.0 60.0 deux mots l'état d'âme du Parlement, de la France entière.

602.0 1653.0 985.0 56.0 Je ne trahis aucun secret si je dis que le Prési-

309.0 1708.0 1258.0 60.0 dent du Conseil, avec une force admirable, a fait valoir préci-

311.0 1783.0 1236.0 58.0 sément la volonté pacifique de la France pour justifier sa vo-

289.0 1849.0 1276.0 69.0 lonté de repousser victorieusement et définitivement la guerre.
