1750 2197
776.0 111.0 107.0 59.0 - 2 -

353.0 199.0 1270.0 66.0 révolutions. Vous lirez avec quelque intérêt, – si vous avez le

357.0 285.0 1189.0 50.0 temps de lire ???... – le livre ci-joint, que l’ancien abbé

355.0 342.0 1261.0 60.0 LOISY vient d’écrire sous ce titre : " LA RELIGION ", ( I vol.

357.0 411.0 1207.0 63.0 in-18. Paris, Emile NOURRY). Je vous l’envoie, - bien qu’il

357.0 474.0 1286.0 67.0 soit verbeux et lâche, - parce qu’il est un signe : à mesure que

355.0 552.0 1228.0 50.0 baisse partout l’autorité gouvernementale, s’affirme, plus ou

351.0 611.0 1270.0 64.0 moins confusément, celle de la conscience humaine, révoltée par

357.0 675.0 1266.0 70.0 cette horrible et stupide guerre. L’éducation de la conscience

353.0 748.0 1228.0 59.0 humaine, voilà, plus que jamais, notre rôle : il faut de plus

357.0 822.0 1262.0 47.0 en plus parler au peuple, non pour le séduire, mais pour l’ins-

355.0 884.0 1264.0 60.0 truire ; il faut lui tenir un langage ferme, précis, désintéres-

353.0 946.0 1244.0 68.0 sé, avant tout, sans arrière-pensée personnelle. Là est le de-

353.0 1014.0 1211.0 64.0 voir de ceux qui, après nous, auront compris trop tard notre

357.0 1091.0 1224.0 55.0 effort de conciliation entre les p££ays££, et qui auront à rache-

357.0 1149.0 1244.0 53.0 ter, par une longue suite d’actes de contrition, le temps per-

353.0 1210.0 1285.0 69.0 du et le sang innocent versé à flots. Là est le devoir vrai, sur

355.0 1285.0 1226.0 55.0 lequel l’humanité a trop souffert pour pouvoir, désormais, se

357.0 1349.0 1244.0 58.0 tromper. Ce devoir est un besoin de la conscience ; il apparaît

357.0 1420.0 1244.0 51.0 tous les jours plus clair. L’empereur d’Allemagne se charge de

357.0 1488.0 1224.0 59.0 le démontrer par son agitation désespérée : il proclame ainsi

359.0 1550.0 1259.0 55.0 sa lamentable faiblesse, celle de MACBETH voulant le bien, fai-

360.0 1622.0 1258.0 58.0 sant le mal ; mais il est bien inférieur à MACBETH : MACBETH, au

351.0 1682.0 1281.0 59.0 moins, n’ajoutait pas le blasphème et l’hypocrisie à ses crimes.

355.0 1746.0 1187.0 64.0 L’Empereur d’Allemagne, et lui, voulant la paix, comme MACBETH

355.0 1812.0 1228.0 71.0 s’est laissé pousser, lui aussi, à verser le sang ; il a donné

355.0 1887.0 1263.0 57.0 l’exemple, à la fois, de la trahison de ses serments et du plus

353.0 1948.0 1246.0 71.0 monstrueux sacrifice de l’Humanité ; mais il ne se contente pas
