1745 2197
780.0 115.0 296.0 77.0 LETTRE N° 160.

186.0 217.0 238.0 96.0 SÉNAT

1080.0 208.0 469.0 75.0 PARIS, 12 Juillet 1916.

585.0 369.0 784.0 83.0 LE PARLEMENT FRANCAIS en COMITÉ SECRET.

902.0 512.0 337.0 57.0 Mon cher Butler,

589.0 708.0 983.0 68.0 Pour la première fois, depuis quarante-trois ans,

300.0 776.0 1274.0 69.0 depuis ce que nous appelions "la guerre", -comme s'il n'y avait

296.0 851.0 1260.0 60.0 pas d'autre guerre...., - pour la première fois depuis la fonda-

298.0 917.0 1181.0 51.0 tion de la République en France, le Parlement a délibéré en

300.0 979.0 1219.0 55.0 Comité Secret. La constitution, sagement, a/prévu pourtant ce

298.0 1054.0 1282.0 49.0 secret, mais on craignait d'y recourir ; on pensait, à tort, que

298.0 1113.0 1219.0 62.0 la présence et le contrôle du public et de la presse, étaient

298.0 1175.0 1218.0 64.0 une condition nécessaire de nos débats ; livrés à nous-mêmes,

298.0 1250.0 1203.0 57.0 n'allions-nous pas être sans frein, tomber dans l'anarchie ?

595.0 1312.0 943.0 53.0 L'expérience était considérée comme redoutable ;

302.0 1373.0 1298.0 71.0 elle pourrait être funeste à notre régime parlementaire et "ache-

300.0 1439.0 1236.0 64.0 ver de le déconsidérer" disaient les adversaires du parlement.

302.0 1515.0 1256.0 50.0 Sollicitude bien suspecte à mes yeux, car la plupart de ceux de

302.0 1585.0 1237.0 51.0 mes collègues et ceux des journaux qui se déclaraient hostiles

302.0 1644.0 1219.0 62.0 au Comité Secret obéissaient en réalité à leur défiance de la

305.0 1713.0 1253.0 61.0 démocratie. Ils sont obligés aujourd'hui de reconnaître qu'ils

303.0 1781.0 1238.0 57.0 se sont trompés une fois de plus. Le comité Secr t s'est tenu

303.0 1847.0 1198.0 58.0 dans la plus parfaite correction : il a fait honneur à notre

139.0 1940.0 824.0 77.0 À Monsieur le Président N. Murray BUTLER.
