<?xml version="1.0" encoding="UTF-8"?>
<alto xmlns:xsi="http://www.w3.org/2001/XMLSchema-instance"
      xmlns="http://www.loc.gov/standards/alto/ns-v4#"
      xsi:schemaLocation="http://www.loc.gov/standards/alto/ns-v4# http://www.loc.gov/standards/alto/v4/alto-4-2.xsd">
  <Description>
    <MeasurementUnit>pixel</MeasurementUnit>
    <sourceImageInformation>
      <fileName>FRAD072_12J384_lettre0160_009.jpg</fileName>
      
    </sourceImageInformation>
  </Description>
  
  <Layout>
    <Page WIDTH="1745"
          HEIGHT="2197"
          PHYSICAL_IMG_NR="15"
          ID="eSc_dummypage_">
      <PrintSpace HPOS="0"
                  VPOS="0"
                  WIDTH="1745"
                  HEIGHT="2197">
        

        
        <TextBlock ID="eSc_dummyblock_">
          
          
          <TextLine ID="eSc_line_f34c6348"
                    
                    BASELINE="604 248 1133 241" 
                    HPOS="600.0"
                    VPOS="203.0"
                    WIDTH="531.0"
                    HEIGHT="86.0">
            <Shape><Polygon POINTS="602 247 602 289 648 280 662 287 666 289 668 289 670 289 690 287 741 280 836 281 996 285 997 285 1131 270 1131 239 1122 203 1107 214 1089 205 1087 205 1085 205 992 216 875 206 869 206 867 206 862 206 728 219 600 210 602 247"/></Shape>
	    <String CONTENT="2° LA DIPLOMATIE SECRETE €?€ "
                    HPOS="600.0"
                    VPOS="203.0"
                    WIDTH="531.0"
                    HEIGHT="86.0"></String>
          </TextLine>

          
          
          <TextLine ID="eSc_line_c2c39c70"
                    
                    BASELINE="589 384 1554 373" 
                    HPOS="587.0"
                    VPOS="338.0"
                    WIDTH="967.0"
                    HEIGHT="73.0">
            <Shape><Polygon POINTS="589 384 589 411 1171 399 1184 400 1230 406 1232 406 1234 406 1248 399 1252 397 1270 397 1345 404 1347 404 1389 395 1395 395 1404 395 1528 402 1530 402 1532 402 1554 391 1554 373 1550 347 1495 338 1494 338 1492 338 1490 338 1479 347 1477 349 1380 349 1364 347 1327 340 1325 340 1279 347 1263 349 1254 347 1232 340 1230 340 1228 340 1160 347 1124 351 1100 347 1067 342 1065 342 1063 342 1051 347 1036 355 880 355 787 347 747 346 745 346 743 346 732 347 697 357 587 349 589 384"/></Shape>
	    <String CONTENT=" Il est évident que la diplomatie secrète ne peut "
                    HPOS="587.0"
                    VPOS="338.0"
                    WIDTH="967.0"
                    HEIGHT="73.0"></String>
          </TextLine>

          
          
          <TextLine ID="eSc_line_25f6b78f"
                    
                    BASELINE="296 454 1516 441" 
                    HPOS="294.0"
                    VPOS="404.0"
                    WIDTH="1222.0"
                    HEIGHT="75.0">
            <Shape><Polygon POINTS="296 454 296 479 1514 461 1516 441 1510 410 1201 413 1186 410 1166 404 1164 404 1162 404 1160 404 1148 410 1137 415 1087 410 1045 406 1043 406 1041 406 1040 406 1040 408 1036 410 1030 417 913 417 895 411 886 408 884 408 882 408 823 411 693 419 655 411 642 410 640 410 639 410 633 411 604 421 540 411 532 411 531 411 529 411 527 411 514 421 422 413 421 413 419 413 380 422 294 413 296 454"/></Shape>
	    <String CONTENT="pas être celle d’une démocratie. Diplomatie secrète et démo-"
                    HPOS="294.0"
                    VPOS="404.0"
                    WIDTH="1222.0"
                    HEIGHT="75.0"></String>
          </TextLine>

          
          
          <TextLine ID="eSc_line_e83c9aa6"
                    
                    BASELINE="296 516 1572 503" 
                    HPOS="294.0"
                    VPOS="479.0"
                    WIDTH="1278.0"
                    HEIGHT="59.0">
            <Shape><Polygon POINTS="296 516 296 538 1572 527 1572 503 1567 479 294 487 296 516"/></Shape>
	    <String CONTENT="cratie sont des mots inconciliables. Certes, on ne peut traiter"
                    HPOS="294.0"
                    VPOS="479.0"
                    WIDTH="1278.0"
                    HEIGHT="59.0"></String>
          </TextLine>

          
          
          <TextLine ID="eSc_line_12026413"
                    
                    BASELINE="298 587 1497 574" 
                    HPOS="296.0"
                    VPOS="551.0"
                    WIDTH="1201.0"
                    HEIGHT="56.0">
            <Shape><Polygon POINTS="298 587 298 607 1495 596 1497 574 1492 551 296 562 298 587"/></Shape>
	    <String CONTENT="sur la place publique les affaires extérieures d’aucun pays, "
                    HPOS="296.0"
                    VPOS="551.0"
                    WIDTH="1201.0"
                    HEIGHT="56.0"></String>
          </TextLine>

          
          
          <TextLine ID="eSc_line_08c4081e"
                    
                    BASELINE="300 649 1538 644" 
                    HPOS="298.0"
                    VPOS="616.0"
                    WIDTH="1240.0"
                    HEIGHT="61.0">
            <Shape><Polygon POINTS="300 649 300 677 1120 677 1120 675 1122 675 1124 675 1140 666 1534 673 1538 644 1534 620 298 616 300 649"/></Shape>
	    <String CONTENT="démocratique ou autre ; mais entre l’étalage et le secret, il y"
                    HPOS="298.0"
                    VPOS="616.0"
                    WIDTH="1240.0"
                    HEIGHT="61.0"></String>
          </TextLine>

          
          
          <TextLine ID="eSc_line_dd251ca4"
                    
                    BASELINE="298 719 1552 708" 
                    HPOS="296.0"
                    VPOS="684.0"
                    WIDTH="1256.0"
                    HEIGHT="64.0">
            <Shape><Polygon POINTS="298 719 298 748 521 737 977 737 1475 737 1477 737 1552 726 1552 708 1547 684 296 693 298 719"/></Shape>
	    <String CONTENT="a un abîme. Il faudra chercher, trouver, une organisation per-"
                    HPOS="296.0"
                    VPOS="684.0"
                    WIDTH="1256.0"
                    HEIGHT="64.0"></String>
          </TextLine>

          
          
          <TextLine ID="eSc_line_5fa79a2b"
                    
                    BASELINE="296 783 1517 772" 
                    HPOS="294.0"
                    VPOS="737.0"
                    WIDTH="1223.0"
                    HEIGHT="66.0">
            <Shape><Polygon POINTS="296 783 296 803 1516 798 1517 772 1512 737 1301 748 1181 739 1173 739 1171 739 1170 739 1151 748 1133 739 1131 739 1129 739 1127 739 1126 739 1124 739 1082 750 966 741 963 741 961 741 959 741 932 750 908 741 906 741 904 741 902 741 900 741 899 741 856 752 714 743 706 743 704 743 703 743 701 743 701 745 690 754 563 745 562 745 465 756 294 746 296 783"/></Shape>
	    <String CONTENT="mettant d’instituer, dans le domaine de la di plomatie, comme"
                    HPOS="294.0"
                    VPOS="737.0"
                    WIDTH="1223.0"
                    HEIGHT="66.0"></String>
          </TextLine>

          
          
          <TextLine ID="eSc_line_e494f00c"
                    
                    BASELINE="298 849 1576 838" 
                    HPOS="296.0"
                    VPOS="805.0"
                    WIDTH="1280.0"
                    HEIGHT="70.0">
            <Shape><Polygon POINTS="298 849 298 875 1576 867 1576 838 1572 814 1413 805 1411 805 1364 814 1358 814 1347 814 1224 807 1223 807 1159 814 1146 816 1109 816 937 809 935 809 296 818 298 849"/></Shape>
	    <String CONTENT=" on l’a fait dans le domaine militaire, le contrôle parlementaire"
                    HPOS="296.0"
                    VPOS="805.0"
                    WIDTH="1280.0"
                    HEIGHT="70.0"></String>
          </TextLine>

          
          
          <TextLine ID="eSc_line_d2572680"
                    
                    BASELINE="298 915 1539 906" 
                    HPOS="296.0"
                    VPOS="873.0"
                    WIDTH="1243.0"
                    HEIGHT="64.0">
            <Shape><Polygon POINTS="298 915 298 937 1538 928 1539 906 1536 882 1100 873 1098 873 1032 884 910 875 908 875 906 875 904 875 893 884 750 876 748 876 653 886 613 876 611 876 609 876 607 876 584 886 413 878 411 878 296 889 298 915"/></Shape>
	    <String CONTENT=" nécessaire. Aucun pouvoir personnel occulte ne peut s’exercer "
                    HPOS="296.0"
                    VPOS="873.0"
                    WIDTH="1243.0"
                    HEIGHT="64.0"></String>
          </TextLine>

          
          
          <TextLine ID="eSc_line_9807d402"
                    
                    BASELINE="300 983 1501 972" 
                    HPOS="298.0"
                    VPOS="941.0"
                    WIDTH="1203.0"
                    HEIGHT="67.0">
            <Shape><Polygon POINTS="300 983 300 1008 822 1008 822 1006 840 1005 902 997 1051 1005 1083 1005 1085 1005 1100 1003 1179 995 1274 1003 1283 1003 1285 1003 1294 1003 1408 994 1497 1001 1501 972 1495 946 1210 950 1203 950 1160 941 1159 941 1014 952 1001 952 994 952 900 942 899 942 897 942 895 942 880 953 878 955 820 955 818 953 805 944 803 944 802 944 714 944 712 944 710 944 708 944 695 955 693 957 565 957 465 957 322 948 320 948 318 948 298 957 300 983"/></Shape>
	    <String CONTENT="dans une €diplomatie€, et engager la nation, à son insu ; c’est "
                    HPOS="298.0"
                    VPOS="941.0"
                    WIDTH="1203.0"
                    HEIGHT="67.0"></String>
          </TextLine>

          
          
          <TextLine ID="eSc_line_167ec365"
                    
                    BASELINE="487 946 666 946" 
                    HPOS="487.0"
                    VPOS="924.0"
                    WIDTH="179.0"
                    HEIGHT="44.0">
            <Shape><Polygon POINTS="487 946 487 966 664 968 666 946 666 924 487 924 487 946"/></Shape>
	    <String CONTENT="££"
                    HPOS="487.0"
                    VPOS="924.0"
                    WIDTH="179.0"
                    HEIGHT="44.0"></String>
          </TextLine>

          
          
          <TextLine ID="eSc_line_808fd367"
                    
                    BASELINE="300 1047 1576 1036" 
                    HPOS="298.0"
                    VPOS="1006.0"
                    WIDTH="1278.0"
                    HEIGHT="68.0">
            <Shape><Polygon POINTS="300 1047 300 1074 1153 1060 1235 1060 1516 1065 1517 1065 1576 1054 1576 1036 1572 1012 937 1006 935 1006 298 1021 300 1047"/></Shape>
	    <String CONTENT="inadmissible. Il faut que la nation soit consultée, sinon, bien "
                    HPOS="298.0"
                    VPOS="1006.0"
                    WIDTH="1278.0"
                    HEIGHT="68.0"></String>
          </TextLine>

          
          
          <TextLine ID="eSc_line_bb4c4fc0"
                    
                    BASELINE="303 1113 1578 1102" 
                    HPOS="302.0"
                    VPOS="1069.0"
                    WIDTH="1276.0"
                    HEIGHT="75.0">
            <Shape><Polygon POINTS="303 1113 303 1144 501 1144 501 1142 503 1142 505 1142 507 1140 518 1133 635 1138 710 1140 712 1140 714 1140 728 1136 748 1131 823 1135 906 1138 908 1138 910 1138 928 1133 941 1129 1010 1131 1148 1136 1149 1136 1151 1136 1175 1129 1182 1127 1210 1127 1338 1135 1340 1135 1413 1125 1415 1125 1417 1125 1552 1133 1554 1133 1556 1133 1578 1122 1578 1102 1572 1069 1362 1080 1261 1072 1221 1071 1219 1071 1184 1074 1113 1082 1054 1076 1029 1074 1027 1074 930 1078 800 1083 787 1080 765 1074 763 1074 761 1074 759 1074 737 1082 723 1085 653 1082 516 1076 514 1076 302 1087 303 1113"/></Shape>
	    <String CONTENT="entendu, à tout propos et à tout instant, au moins avant qu’elle "
                    HPOS="302.0"
                    VPOS="1069.0"
                    WIDTH="1276.0"
                    HEIGHT="75.0"></String>
          </TextLine>

          
          
          <TextLine ID="eSc_line_5b2389d7"
                    
                    BASELINE="300 1180 1561 1168" 
                    HPOS="298.0"
                    VPOS="1144.0"
                    WIDTH="1263.0"
                    HEIGHT="68.0">
            <Shape><Polygon POINTS="300 1180 302 1212 340 1202 417 1210 419 1210 421 1210 422 1210 433 1201 476 1210 477 1210 479 1210 509 1199 565 1208 567 1208 827 1197 926 1204 928 1204 1019 1193 1063 1202 1065 1202 1259 1191 1558 1199 1561 1168 1556 1144 298 1155 300 1180"/></Shape>
	    <String CONTENT="puisse être définitivement engagée. Il faut que cet engagement "
                    HPOS="298.0"
                    VPOS="1144.0"
                    WIDTH="1263.0"
                    HEIGHT="68.0"></String>
          </TextLine>

          
          
          <TextLine ID="eSc_line_17bbda5f"
                    
                    BASELINE="300 1246 1578 1237" 
                    HPOS="298.0"
                    VPOS="1204.0"
                    WIDTH="1280.0"
                    HEIGHT="61.0">
            <Shape><Polygon POINTS="300 1246 300 1265 1576 1257 1578 1237 1572 1204 298 1219 300 1246"/></Shape>
	    <String CONTENT="ne puisse être conclu en dehors de l’approbation et dans l’igno-"
                    HPOS="298.0"
                    VPOS="1204.0"
                    WIDTH="1280.0"
                    HEIGHT="61.0"></String>
          </TextLine>

          
          
          <TextLine ID="eSc_line_a6287ce6"
                    
                    BASELINE="305 1314 1561 1303" 
                    HPOS="303.0"
                    VPOS="1277.0"
                    WIDTH="1258.0"
                    HEIGHT="57.0">
            <Shape><Polygon POINTS="305 1314 305 1334 1561 1325 1561 1303 1556 1277 303 1279 305 1314"/></Shape>
	    <String CONTENT="rance de ses représentants ; il faut qu’il soit, d’une façon ou"
                    HPOS="303.0"
                    VPOS="1277.0"
                    WIDTH="1258.0"
                    HEIGHT="57.0"></String>
          </TextLine>

          
          
          <TextLine ID="eSc_line_fa27e51d"
                    
                    BASELINE="305 1374 1523 1367" 
                    HPOS="303.0"
                    VPOS="1338.0"
                    WIDTH="1220.0"
                    HEIGHT="69.0">
            <Shape><Polygon POINTS="305 1374 305 1406 428 1398 532 1404 607 1407 609 1407 611 1407 622 1402 635 1396 684 1402 721 1406 723 1406 798 1400 858 1396 869 1400 886 1406 888 1406 889 1406 891 1406 893 1406 900 1400 904 1396 977 1398 1096 1402 1098 1402 1173 1396 1219 1393 1279 1395 1463 1402 1464 1402 1521 1391 1523 1367 1519 1342 639 1338 637 1338 635 1338 607 1347 606 1347 600 1347 474 1340 472 1340 303 1349 305 1374"/></Shape>
	    <String CONTENT="d’une autre, soumis au contrôle, à une sorte de referendum de"
                    HPOS="303.0"
                    VPOS="1338.0"
                    WIDTH="1220.0"
                    HEIGHT="69.0"></String>
          </TextLine>

          
          
          <TextLine ID="eSc_line_97243440"
                    
                    BASELINE="305 1444 1525 1435" 
                    HPOS="303.0"
                    VPOS="1409.0"
                    WIDTH="1222.0"
                    HEIGHT="57.0">
            <Shape><Polygon POINTS="305 1444 305 1466 1523 1455 1525 1435 1519 1409 303 1418 305 1444"/></Shape>
	    <String CONTENT="la nation. Certes, ce contrôle de notre diplomatie n’est pas "
                    HPOS="303.0"
                    VPOS="1409.0"
                    WIDTH="1222.0"
                    HEIGHT="57.0"></String>
          </TextLine>

          
          
          <TextLine ID="eSc_line_0764da56"
                    
                    BASELINE="305 1510 1563 1501" 
                    HPOS="303.0"
                    VPOS="1475.0"
                    WIDTH="1260.0"
                    HEIGHT="72.0">
            <Shape><Polygon POINTS="305 1510 305 1534 384 1547 386 1547 388 1547 411 1537 541 1547 543 1547 545 1547 547 1547 562 1536 567 1532 591 1536 653 1545 655 1545 657 1545 684 1536 699 1532 719 1536 761 1545 763 1545 765 1545 796 1536 818 1530 899 1530 910 1536 915 1541 917 1541 919 1541 921 1541 922 1541 933 1536 948 1530 1027 1537 1043 1537 1045 1537 1047 1537 1051 1537 1078 1528 1105 1537 1118 1541 1120 1541 1122 1541 1124 1541 1138 1537 1171 1528 1232 1537 1250 1539 1252 1539 1263 1537 1287 1532 1294 1537 1298 1541 1300 1541 1301 1541 1303 1541 1351 1537 1464 1528 1561 1537 1563 1501 1558 1475 303 1484 305 1510"/></Shape>
	    <String CONTENT="facile à concevoir, encore moins à organiser. Il faut pourtant "
                    HPOS="303.0"
                    VPOS="1475.0"
                    WIDTH="1260.0"
                    HEIGHT="72.0"></String>
          </TextLine>

          
          
          <TextLine ID="eSc_line_72c36f7b"
                    
                    BASELINE="303 1576 520 1572" 
                    HPOS="302.0"
                    VPOS="1545.0"
                    WIDTH="218.0"
                    HEIGHT="64.0">
            <Shape><Polygon POINTS="303 1576 303 1609 520 1592 520 1572 514 1545 302 1550 303 1576"/></Shape>
	    <String CONTENT="y arriver. "
                    HPOS="302.0"
                    VPOS="1545.0"
                    WIDTH="218.0"
                    HEIGHT="64.0"></String>
          </TextLine>

          
        </TextBlock>
        
      </PrintSpace>
    </Page>
  </Layout>
</alto>
