1735 2197
952.0 133.0 110.0 59.0 - 3 -

476.0 263.0 1163.0 66.0 "quel dommage que la France ne saisisse pas cette occasion

461.0 344.0 1154.0 45.0 "des négociations de paix pour €rassaner€ à jamais ses liens

1069.0 313.0 187.0 40.0 resserrer

459.0 399.0 1138.0 64.0 "avec tous les peuples, petits ou grands, qui ont été ses

461.0 465.0 1154.0 56.0 "compagnons d’armes contre le militarisme. Telle était, à

463.0 536.0 1075.0 57.0 "La Haye, la politique de M. Bourgeois et la vôtre, la

456.0 600.0 861.0 62.0 "vraie politique d’avenir pour votre pays€.€

743.0 666.0 926.0 64.0 "Mais non ! C’est à qui, parmi vos Ministres,

448.0 732.0 1145.0 62.0 "traitera de haut et comme importun, vos Alliés les plus

452.0 800.0 1143.0 60.0 "dévoués d’hier, à commencer par les Belges ! Le Portugal

448.0 865.0 1208.0 63.0 "qui est, après tout, une puissance chrétienne dont l’action

450.0 933.0 1182.0 51.0 "n’a pas été sans contribuer, dans l’histoire, au développe-

450.0 1001.0 1211.0 59.0 "ment de la civilisation, est assimilé à des États orientaux,

448.0 1063.0 772.0 62.0 "le Siam et la Chine, et de quel ton !

749.0 1133.0 923.0 62.0 "Je ne sais pas si M. Clemenceau se fait aimer

447.0 1193.0 1223.0 70.0 "des grandes Puissances, mais il se fait détester

448.0 1266.0 469.0 48.0 "par toutes les autres.

745.0 1321.0 922.0 66.0 Il n’y a qu’une voix, en somme, pour dire que

450.0 1393.0 1138.0 58.0 "si le Tigre a été bon pour finir la guerre, il n’est pas

452.0 1461.0 542.0 60.0 "l’homme à faire la paix".

762.0 1517.0 853.0 70.0 Et alors ? Nous allons voir les Américains,

469.0 1594.0 1060.0 51.0 les Anglais, partir froissés par la maladresse de nos

469.0 1666.0 1161.0 47.0 Gouvernants d’avant-guerre et tous les autres humiliés par

465.0 1731.0 1086.0 48.0 une sécheresse orgueilleuse qui est à mille lieues des

467.0 1794.0 1119.0 62.0 traditions séculaires et des aspirations fraternelles de

469.0 1860.0 216.0 64.0 la France.
