1755 2197
895.0 89.0 105.0 53.0 - 2 -

298.0 214.0 1248.0 67.0 sera la victoire, on examine raisonnablement ce que devra être

302.0 287.0 1240.0 64.0 le lendemain de la guerre pour qu'elle ne recommence pas. Les

302.0 357.0 1284.0 56.0 uns, les chauvins, préconisent des conquêtes ; ceux-là sont ££t££ou-

305.0 411.0 1268.0 76.0 jours les mêmes ; je n'y reviens pas ; les autres des garanties,

304.0 488.0 1205.0 61.0 des précautions, ce sont les sages ; ils seront plus nombreux

304.0 551.0 1247.0 67.0 peut-être et plus fermes qu'avant la guerre. Leur langage n'a

304.0 627.0 1264.0 55.0 pas la faveur et la publicité des grands journaux, mais il cor-

309.0 693.0 1222.0 61.0 respond exactement au sentiment de l'immense majorité du pays

305.0 761.0 1237.0 55.0 que la guerre prolongée démocratise de plus en plus. Et puis,

309.0 829.0 1277.0 49.0 il a surtout cet avantage d'éveiller les initiatives timides, de

309.0 897.0 863.0 60.0 stimuler les conversations ou les imitations.

571.0 950.0 940.0 62.0 "LA LIGUE des DROITS de l'HOMME" nécessairement

309.0 1025.0 1238.0 55.0 mal vue des gens pensants et de toute la presse mondaine,

307.0 1080.0 1284.0 69.0 mais patriote dans l'âme, comme l'ont été nos ancêtres de la Ré-

309.0 1158.0 1204.0 63.0 volution Française, s'est réunie ces jours-ci pour mettre la

307.0 1221.0 1301.0 69.0 première et très nettement à l'ordre du jour de ses délibérations

313.0 1294.0 718.0 60.0 "les conditions d'une paix durable".

567.0 1354.0 984.0 64.0 Le texte XXXXX ci-joint des résolutions qu'elle a

309.0 1422.0 1262.0 64.0 votées se passe de commentaires. Il fait le plus grand honneur

309.0 1501.0 1165.0 44.0 à la fermeté d'âme comme à la raison des bons citoyens qui

309.0 1561.0 1242.0 59.0 l'ont rédigé, sous la direction éclairée de notre ami, Gabriel

311.0 1620.0 1222.0 66.0 SEAILLES, l'un des plus nobles caractères de notre pays et de

309.0 1688.0 255.0 58.0 notre temps.

567.0 1752.0 1045.0 73.0 Avec une mesure parfaite, le congrès réclame l'ordre

315.0 1825.0 1196.0 68.0 international fondé sur la justice. Il n'admet d'autre paix

305.0 1898.0 1235.0 68.0 durable que celle du règlement des litiges par le Droit et non

307.0 1975.0 1226.0 71.0 par la Force. La société nouvelle reposera sur l'institution
