1745 2197
858.0 113.0 128.0 55.0 - 4 -

606.0 238.0 987.0 73.0 Il y a deux ans, au début de la guerre, les chau-

333.0 311.0 1261.0 58.0 vins dénonçaient Jaurès et les socialistes, et les internatio-

335.0 382.0 1276.0 53.0 nalistes, soi-disant antipatriotes. Aujourd'hui, c'est le chau-

335.0 443.0 1276.0 65.0 vinisme qui commence à devenir muet, et ce sont les partisans de

333.0 514.0 842.0 60.0 la paix qui nous conduiront à la victoire.

622.0 582.0 969.0 58.0 M. A. Briand est un ancien socialiste, resté pa-

331.0 646.0 1163.0 68.0 cifique ; il a toujours fait partie de mon groupe. Albert

331.0 704.0 1221.0 77.0 Thomas, ministre des Munitions, Sembat, étaient avec moi à la

329.0 772.0 1236.0 75.0 conférence franco-allemande de Berne. De même, en Angleterre,

327.0 836.0 1260.0 77.0 Lloyd George, était avec nous, à fond ; de même, en Russie Makla-

325.0 911.0 1185.0 66.0 koff, Milioukoff. C'est l'esprit de justice, la révolte du

327.0 968.0 1038.0 75.0 Droit violé qui nous anime et nous rend invincibles.

620.0 1043.0 908.0 70.0 Je croyais à la victoire bien avant le Comité

325.0 1111.0 1202.0 66.0 Secret ; maintenant, et sans même tenir compte de l'optimisme

322.0 1179.0 1199.0 64.0 nécessaire des Gouvernants, l'esprit de notre Comité Secret,

325.0 1241.0 1238.0 66.0 c'est-à-dire l'esprit de la nation tout entière, a fortifié et

320.0 1310.0 1263.0 59.0 motivé ma confiance. Nous ne pouvons pas ne pas vaincre, et la

324.0 1374.0 1274.0 65.0 raison en est bien simple : nous combattons pour l'avenir de nos

325.0 1435.0 1218.0 75.0 enfants; l’Allemagne, elle, ne combat que pour l’avenir d'un

322.0 1508.0 219.0 66.0 Kronprinz!

576.0 1567.0 1022.0 71.0 Quelle différence entre sa cause et la nôtre! Notre

322.0 1634.0 1219.0 70.0 sacrifice est fécond. Le sien est stérile. Elle est trompée

322.0 1700.0 1307.0 77.0 par les mensonges de son Gouvernement ; nous sommes, au contraire,

320.0 1774.0 1170.0 75.0 illuminés par notre bon Droit. Guerre dynastique d'un côté,

305.0 1843.0 1311.0 79.0 guerre nationale, humaine, universelle de l'autre. C'est la lutte
