1737 2197
908.0 111.0 118.0 59.0 - 4 -

335.0 234.0 1262.0 69.0 physique. Nous sommes tranquilles là-dessus, comme on dit vul-

335.0 302.0 1244.0 62.0 gairement. Nous plaignons de tout notre cœur les populations

335.0 367.0 1281.0 66.0 envahies, Belges et Français, où dominées, mais nous pressentons

333.0 443.0 1244.0 54.0 que leur sacrifice n’aura pas été perdu. Et cette perspective

333.0 501.0 1244.0 64.0 malgré tout, d’une réparation morale, d’une justice après tant

331.0 569.0 1246.0 60.0 d’effroyables hécatombes, en face de la révolution qui partout

333.0 640.0 1297.0 64.0 s’annonce, tient les cœurs en confiance ; les deuils restent les

329.0 704.0 1224.0 57.0 deuils mais, pour ne prendre qu’à l’exemple, quelle différence

329.0 772.0 1228.0 70.0 entre la mort d’un fils avant la guerre ou pendant la guerre !

329.0 833.0 1265.0 69.0 Avant la guerre, mon fils aîné en mourant, a perdu sa vie : - il

327.0 898.0 1210.0 72.0 l’aurait donnée avec enthousiasme en fils avait pu mourir un an

327.0 974.0 1267.0 65.0 plus tard. – Il serait parti enrichi par son sacrifice ; il se

327.0 1041.0 1283.0 64.0 serait survécu en ceux qui auraient profité de son dévouement. –

327.0 1098.0 1300.0 71.0 Son frère, mon fils Paul, à peine âgé de 18 ans, était trop frêle

324.0 1164.0 1249.0 73.0 pour faire prématurément son service ; il avait été ajourné au

324.0 1230.0 1341.0 73.0 mois de Juillet dernier est vraisemblablement jusqu’après la guerre.

326.0 1298.0 1293.0 75.0 Il n’a pas voulu accepter cet ajournement, il voulait, disait-il,

327.0 1365.0 1274.0 74.0 faire son devoir pour deux ! Avec une volonté de tous les jours,

329.0 1437.0 1296.0 69.0 il n’a cessé depuis six mois de se août fortifier pour gagner du poids

326.0 1503.0 1242.0 66.0 et des muscles ! Finalement il a réussi à s’engager ; le voici

324.0 1561.0 1262.0 75.0 canonnier conducteur de seconde classe au 31 ème régiment d’ar-

322.0 1625.0 1297.0 72.0 tillerie au Mans, heureux, fier, bien portant, avec le plein con-

322.0 1697.0 1297.0 71.0 sentement de sa mère et le mien, sans contredire en rien son édu-

320.0 1768.0 1318.0 71.0 cation et ses sentiments pacifiques. Voyez ces deux photographies

313.0 1829.0 1299.0 76.0 de lui, l’une ou prise il y a 10 ans, quant il de symbolisait, enfant,

322.0 1893.0 1242.0 87.0 nos espérances de paix, l’autre maintenant en artilleur ! Quel
