1741 2197
833.0 137.0 110.0 55.0 - 5 -

293.0 234.0 1336.0 64.0 pour les uns, le plus petit nombre, cesser de vivre en privilégiés

289.0 305.0 1265.0 52.0 pour les autres se remettre au travail, sous un déluge d'impôts

291.0 367.0 1299.0 59.0 à payer. Heureusement la nature veut vivre et tout, à la longue,

291.0 432.0 1259.0 58.0 se réparera, s'arrangera, tant bien que mal. Quoiqu'il arrive,

293.0 505.0 1262.0 62.0 Paris sera difficilement plus en train que pendant ces fêtes du

291.0 573.0 278.0 51.0 Jour de l'An.

571.0 627.0 1001.0 65.0 Et notez bien que toute cette gaieté n'empêche pas

291.0 699.0 1305.0 62.0 les gens de penser ; au contraire, mais on ne se fait pas d'illu-

291.0 763.0 1224.0 64.0 sions ; on parle, sans grand espoir, des ouvertures de paix du

295.0 833.0 1317.0 69.0 Président Wilson ; on se félicite de voir le Général Joffre, honoré

291.0 902.0 1301.0 62.0 et récompensé, faire place à des généraux plus jeunes. On se dit

289.0 970.0 1283.0 53.0 qu'il ne faut pas faiblir de peur que la guerre, mal achevée, ne

291.0 1038.0 1279.0 58.0 recommence plus terribleXXXX encore ; - on se dit tout cela et on

293.0 1105.0 1255.0 63.0 vit, parce qu'il faut vivre pour ceux qui viendront après nous.

782.0 1199.0 585.0 64.0 Votre affectueusement dévoué,

806.0 1261.0 742.0 82.0 ££ ££ ££

153.0 1363.0 114.0 83.0 P.S, -

295.0 1398.0 1233.0 53.0 une dizaine de sièges sur quarante, sont devenus vacants, par

492.0 1354.0 1095.0 66.0 Encore un symptôme à noter de la reprise des habitudes :

293.0 1437.0 1314.0 55.0 décès, à l'Académie Française. Les candidats affluent pour ne pas

291.0 1471.0 1264.0 54.0 manquer cette aubaine inouïe ; et c'est à qui, dans les discours,

293.0 1499.0 1334.0 62.0 dans les journaux encensera les académiciens survivants, célébrera

291.0 1537.0 1294.0 52.0 les vertus de la réaction, flétrira les faiblesses de la Républi-

293.0 1574.0 1286.0 44.0 que, du socialisme et du pacifisme. Ne nommons personne, mais ce

291.0 1600.0 1308.0 55.0 petit fait contribue à vous expliquer la recrudescence de sévérité

293.0 1640.0 1250.0 60.0 qui se fait sentir contre nos idées dans les journaux mondains,

289.0 1666.0 680.0 65.0 les seuls qu'on lise à l'étranger.

1066.0 1711.0 72.0 138.0 ££

146.0 2015.0 805.0 77.0 à Monsieur le Président N.Murray BUTLER.

480.0 2098.0 91.0 66.0 N.Y
