1755 2197
763.0 120.0 306.0 83.0 LETTRE N°169.

172.0 217.0 245.0 97.0 SÉNAT

1058.0 219.0 532.0 57.0 PERROS-GUIREC, Août 1916.

586.0 377.0 648.0 80.0 LA FRANCE HABITUÉE à la GUERRE.

884.0 518.0 336.0 62.0 Mon cher Butler,

586.0 675.0 950.0 64.0 Une guerre prolongée m’avait toujours semblé ne

331.0 750.0 1244.0 68.0 pouvoir être qu’un mal. Deux années d’expérience m’apprennent

333.0 818.0 1257.0 57.0 qu’elle présente aussi beaucoup d’avantages pour bien des gens,

335.0 878.0 1277.0 70.0 - (sans parler des neutres) – et pour les seuls pays belligérants.

335.0 946.0 1220.0 62.0 Je m’explique maintenant qu’il se soit établi si profondément

335.0 1014.0 1203.0 58.0 une tradition en faveur de cette monstruosité, et je prévois

335.0 1089.0 1300.0 51.0 comment et pourquoi la vieille erreur que nous croyions condamnée

337.0 1149.0 1238.0 63.0 pourra survivre à la guerre actuelle. Beaucoup de malheureux,

337.0 1224.0 1262.0 57.0 certes, y auront perdu, mais, parmi ceux-là, les uns, les meil-

337.0 1279.0 1297.0 72.0 leurs, auront disparu, les autres seront sans force, inorganisés,

337.0 1351.0 1245.0 56.0 accablés de travail, muets de chagrin, tandis qu’un plus petit

335.0 1413.0 1284.0 66.0 nombre, enrichis ou enorgueillis du deuil général, resteront une

340.0 1477.0 1301.0 64.0 réclame vivante et agissante pour la guerre. Non seulement ceux-

338.0 1545.0 1283.0 60.0 là devront eux-mêmes à la guerre tout ce qu’ils seront, mais ils

338.0 1614.0 1246.0 55.0 feront souche ; ils feront école ; leur succès passé orientera

340.0 1682.0 1281.0 60.0 l’avenir de leurs enfants et de leurs émules. Toute la considé-

344.0 1757.0 1260.0 66.0 ration, tous les avantages, tout l’orgueil qu’ils auront gagnés

199.0 1885.0 808.0 59.0 à Monsieur le Président N.Murray BUTLER.
