1758 2197
825.0 113.0 121.0 73.0 - 4 -

294.0 216.0 1233.0 67.0 aujourd’hui d’une efficacité presque complète, même en ce qui

296.0 296.0 1306.0 59.0 concerne les neutres, si la défection de la Russie et le désastre

296.0 358.0 1306.0 72.0 roumain qu’elle a entrainé n’avaient pas ouvert à l’Allemagne l’espé-

296.0 428.0 1269.0 68.0 rance de rompre son isolement par terre. La colonisation de la

296.0 499.0 1214.0 68.0 Russie et de l’Asie par l’Allemagne, si l’Allemagne reste ce

294.0 569.0 1365.0 68.0 qu’elle est, et quand la Russie cessera d’être anarchique, enlèvera

296.0 637.0 1084.0 60.0 au blocus maritime une part considérable de son effet.

591.0 697.0 1036.0 70.0 Mais le blocus n’a été qu’une première étape ; l’in-

296.0 767.0 1271.0 67.0 telligence des Alliés qui n’a finalement rien trouvé de décisif

294.0 838.0 1339.0 62.0 dans le traditionnel domaine militaire des "officiers de carrière",

296.0 911.0 1310.0 57.0 a pu s’ingénier plus heureusement dans l’indépendance des recher-

300.0 979.0 1265.0 62.0 ches individuelles de l’esprit moderne. – (Là encore, quoiqu’en

298.0 1038.0 1351.0 69.0 disent les nationalistes, c’est le civil qui aura "sauvé la guerre",

298.0 1111.0 1286.0 62.0 dans la mesure où elle pouvait être sauvée ; et c’est pourquoi je

296.0 1180.0 1231.0 57.0 ne cesse, dans ma correspondance avec vous, de vous mettre en

294.0 1252.0 1288.0 53.0 garde contre l’imbécile campagne qui consiste à faire du Nouveau

293.0 1310.0 1389.0 66.0 Monde le refuge et la Jérusalem nouvelle de "l’officier de carrière".)

294.0 1374.0 1290.0 65.0 Deux nouvelles étapes, deux moyens d’action se sont imposés avec

294.0 1440.0 1249.0 64.0 la prolongation indéfinis de la guerre et comme la conséquence

294.0 1508.0 1361.0 72.0 de l’union des Alliés. Les moyens vaudront exactement ce que vaudra

294.0 1574.0 497.0 66.0 cette union. Les voici :

470.0 1675.0 116.0 71.0 A.-

743.0 1675.0 914.0 67.0 A l’appui du blocus, l’arme économique, ou la

291.0 1752.0 1329.0 64.0 politique des matières premières. Cette politique n’est pas et ne

291.0 1819.0 1311.0 64.0 doit pas être une politique d’agression, une arme offensive et de

289.0 1885.0 1309.0 70.0 domination. Le Président Wilson a pris soin, sagement de mettre
