1754 2197
833.0 157.0 287.0 71.0 LETTRE N° 486.

186.0 227.0 244.0 87.0 SÉNAT

1158.0 258.0 471.0 82.0 PARIS, 13 Février 1919.

606.0 426.0 851.0 101.0 LE BILAN DU NATIONALISME VAINQUEUR ££

375.0 499.0 1267.0 96.0 QUE SERAIT-CE S'IL ETAIT VAINCU : - UNE VICTOIRE à la PYRRHUS !

435.0 569.0 1132.0 102.0 L'ART FRANCAIS. - . LA LANGUE FRANCAISE.-.AU CINEMA.

1049.0 741.0 338.0 62.0 Mon cher Butler,

703.0 928.0 906.0 77.0 Je veux faire le compte des turpitudes et des

410.0 992.0 1201.0 93.0 désastres que la France, hélas : devra, malgré sa victoire, à

411.0 1061.0 1187.0 86.0 la sottise nationaliste. Ce compte est infini, mais chacun

413.0 1136.0 1126.0 79.0 de nous doit d'autant plus contribuer à l'établir. Avoir

413.0 1202.0 1209.0 74.0 fait échouer, par ses intrigues et ses journaux, nos efforts

417.0 1259.0 1207.0 86.0 pour fonder la paix, puis, la guerre finie, (si on peut dire

421.0 1332.0 1224.0 79.0 qu'elle est finie), se borner à des chants de gloire et à des

419.0 1387.0 1243.0 92.0 manifestations d'impuissance, ce serait vraiment trop facile.-

426.0 1462.0 1183.0 83.0 Il va falloir compter ; voir en face la vérité, maintenant.-

422.0 1541.0 323.0 75.0 Quelle vérité ?

426.0 1662.0 1166.0 75.0 mençons à l'entrevoir vaguement. Tripler les impôts d'une

723.0 1594.0 928.0 66.0 La vérité des charges financières ? Nous com-

430.0 1731.0 1107.0 74.0 population réduite et épuisée, privée du produit de ses

432.0 1788.0 1144.0 88.0 départements les plus riches, obligée de se rattraper sur

217.0 1962.0 943.0 84.0 à Monsieur le Président Nicholas Murray BUTLER.
