1748 2197
833.0 120.0 134.0 59.0 - 12 -

269.0 203.0 1222.0 71.0 quantité de petits détachements d’hommes arrivant sans bruit,

269.0 274.0 1286.0 62.0 comme des voyageurs, de tous les dépôts, de tous les villages de

273.0 344.0 1282.0 69.0 France, où ceux qui restent, en attendant le retour, font office

269.0 417.0 1229.0 59.0 de soldats laboureurs ; beaucoup aussi sont employés dans des

271.0 485.0 1266.0 58.0 ateliers. Mon menuisier est mobilisé ; un chasseur ou deux, -

273.0 551.0 1282.0 51.0 également menuisiers avant la guerre, - donnent quelques-unes de

273.0 616.0 1304.0 57.0 leurs journées à son vieux père et à la maison et finalement

273.0 675.0 1282.0 59.0 le commerce marche ; et de même pour la plupart des autres corps

274.0 752.0 217.0 57.0 de métier.

551.0 805.0 1006.0 64.0 Ainsi la fermière continue de gagner sa vie ; elle

274.0 875.0 1318.0 64.0 vend sa récolte, ses animaux, ses canards, ses épaules, son beurre,

274.0 952.0 1206.0 49.0 son vin, son cidre et tout cela un peu plus cher qu’en temps

273.0 1008.0 1227.0 61.0 normal, parce qu’elle a beaucoup plus de peine tout de même à

276.0 1082.0 1264.0 53.0 trouver sa main-d’œuvre et parce que, en général, elle la paie

274.0 1138.0 1266.0 68.0 aussi plus cher. De même la femme du menuisier, du boucher, de

274.0 1206.0 1303.0 64.0 l’épicier, du maréchal-ferrant, du charron, etc… etc… Seul le

274.0 1276.0 1287.0 58.0 XXXXXX prix du pain n’a pas monté pour le public, l’Etat prenant

278.0 1345.0 1283.0 51.0 sur lui la différence entre le prix d’achat du blé et le prix de

278.0 1417.0 1283.0 47.0 vente du pain. En ville, il y a des magasins fermés, mais d’au-

280.0 1473.0 1255.0 55.0 tres se sont rouverts, à commencer par les pâtissiers qui, eux,

276.0 1548.0 1286.0 52.0 n’ont jamais fermé ; les militaires de passage ont de l’argent à

276.0 1607.0 1263.0 60.0 dépenser ; de même les blessés, les convalescents, les éclopés.

278.0 1678.0 1244.0 55.0 Les femmes cumulent leurs salaires, comme j’ai dit, avec leurs

276.0 1735.0 1307.0 66.0 allocations : les enfants, - hélas ! – sacrifient leur instruction

280.0 1808.0 1301.0 68.0 pour gagner prématurément leur vie. C’est tout un monde qui par-

284.0 1880.0 1218.0 55.0 ticipe à des distributions de salaires venus d’en haut. Nous
