1751 2197
307.0 159.0 1299.0 69.0 parti-pris par le Gouvernement allemand croyant ainsi démoraliser

307.0 225.0 1222.0 69.0 nos populations et paralyser, par suite, notre défense. C’est

313.0 294.0 1254.0 59.0 l’envoi de zeppelins pour bombarder nos villes ouvertes, c’est

311.0 360.0 1260.0 64.0 la destruction des paquebots et des passagers innocents par les

311.0 426.0 1258.0 61.0 sous-marins, par les torpilles et par les mines ; c’est l’emploi

311.0 485.0 1280.0 73.0 des gaz asphyxiants, etc… etc… Ces moyens des terrorisation

309.0 562.0 1242.0 60.0 infâme, nous n’avons jamais pensé, nous, à nous en servir ; ja-

305.0 626.0 1266.0 56.0 mais nous n’avons conçu ces odieuses machinations ; les faits le

307.0 695.0 1229.0 55.0 prouvent… Mais le jour où le Gouvernement allemand nous a

313.0 754.0 1298.0 66.0 surpris par ses initiatives inouïes, ses inventions infernales en

311.0 827.0 1260.0 57.0 cette matière, le jour où l’emploi de ces moyens justement pro-

307.0 895.0 1222.0 60.0 hibés, inexcusables, est devenu pour lui une arme, ce jour-là

313.0 961.0 1282.0 53.0 il a bien fallu nous armer à notre tour, après lui, pour repous-

311.0 1025.0 1313.0 62.0 ser ses attaques. Allez-vous, par humanité, laisser triompher les

309.0 1091.0 1282.0 64.0 plus odieux attentat contre l’humanité ? Non, certes, - et c’est

311.0 1155.0 1262.0 60.0 pourquoi nous avons été réduits, là comme ailleurs, à la néces-

313.0 1215.0 1318.0 66.0 sité de repousser l’agression allemande en lui opposant les moyens

309.0 1296.0 1299.0 58.0 mêmes qu’elle n’avait pas craint d’inaugurer contre nous. Sinon,

313.0 1365.0 1240.0 48.0 en laissant le champ libre à ces initiatives atroces, nous les

313.0 1429.0 1220.0 55.0 encouragions ! Nous livrions à notre pays et la civilisation aux

309.0 1490.0 1249.0 58.0 pires attentats de la barbarie, assurée par nous de l’impunité.
