1747 2197
889.0 102.0 121.0 59.0 - 4 -

591.0 227.0 1090.0 78.0 I°.- Que va devenir le trésor d'art que représentait

421.0 305.0 1238.0 59.0 le sol français ? Je ne parle pas de ce qui a été détruit, des

421.0 367.0 1155.0 63.0 cathédrales, des églises, des palais, des hôtels de Ville,

421.0 432.0 1141.0 64.0 des maisons particulières, autant de joyaux qui faisaient

424.0 497.0 1240.0 76.0 revivre le passé et n'existent plus. Je parle seulement de ce

423.0 565.0 1118.0 72.0 que la France de l'arrière avait eu la chance de sauver.

424.0 629.0 1161.0 68.0 Nous allons voir, nous voyons déjà les marchands de curio-

424.0 699.0 1143.0 60.0 sité, bazarder et emporter, je ne sais où, tout ce qu'ils

424.0 767.0 1202.0 60.0 peuvent profiter de la guerre pour nous acheter. Les objets

423.0 838.0 1203.0 55.0 les plus précieux ont perdu pour nous de leur valeur person-

424.0 897.0 1145.0 64.0 nelle. On les vend soit parce que nous avons été si près

424.0 970.0 1183.0 57.0 de les perdre qu'on n'a plus le droit de compter qu'on peut

423.0 1036.0 1184.0 55.0 les garder ; soit parce qu'on a besoin d'argent ; soit parce

426.0 1094.0 1181.0 68.0 qu'on se détache plus aisément de ce qui faisait auparavant

424.0 1160.0 1167.0 59.0 le charme de la vie. Chacun est tenté de vendre ses vieux

424.0 1224.0 1224.0 64.0 meubles, ses tableaux de famille, ses reliques ; on n'imagine

424.0 1294.0 1128.0 64.0 pas jusqu'où pénètrent les marchands de curiosité. Déjà

423.0 1360.0 1206.0 60.0 même avant la guerre, on les voyait dans nos campagnes visi-

428.0 1426.0 1221.0 58.0 ter jusqu'aux moindres fermes, sur la désignation d'un voisin

428.0 1490.0 1163.0 60.0 ou d'un tapissier de la ville. Je connaissais dans un des

428.0 1558.0 1201.0 65.0 cantons de la Sarthe, (canton de Beaumont), une petite ferme

428.0 1631.0 1201.0 60.0 perdue, jadis abbaye ou gentilhommière, où se trouvait, dans

428.0 1693.0 1163.0 57.0 la cuisine, une cheminée gothique monumentale de la fin du

426.0 1752.0 1187.0 64.0 Moyen Age. Cette cheminée était un symbole de la vie inté-

430.0 1823.0 1221.0 64.0 rieure de cette époque, toute en finesse, en grâce, en esprit

432.0 1896.0 1104.0 61.0 et en audace. Elle ornait de ses nervures adorablement
