1747 2197
825.0 113.0 121.0 64.0 - 3 -

349.0 208.0 1249.0 72.0 d’être criminel, il veut faire de Dieu son complice ; un de ces

351.0 287.0 1247.0 59.0 jours, il nous dira qui n’est pas responsable puisqu’il s’en

357.0 347.0 1217.0 70.0 était remis à la volonté de Dieu…… ; Dieu se sera trompé,

353.0 417.0 1298.0 60.0 voilà tout. En réalité, la religion de Guillaume II est, au fond,

355.0 483.0 1283.0 64.0 inférieure à celle de tous les conquérants, c’est la religion de

355.0 551.0 1283.0 60.0 son ambition ; mais c’est un conquérant inférieur par la bassesse

351.0 616.0 1229.0 55.0 des comédies qu’il donne. ALEXANDRE le GRAND ne dai-

353.0 682.0 1247.0 61.0 gnait même pas rentrer en Grèce. Napoléon Ier ne jouait pas la

353.0 745.0 1258.0 67.0 comédie : il enfermait le pape et faisait la guerre ouvertement,

355.0 818.0 1282.0 60.0 en se flattant de continuer l’œuvre de la Révolution contre les

357.0 882.0 1241.0 64.0 ennemis de la France ; il ne parlait ni de Dieu ni de la paix :

357.0 948.0 1263.0 58.0 il comptait sur sa volonté à lui, et n’engageait que sa respon-

355.0 1010.0 1245.0 73.0 sabilité. Guillaume II, au contraire, chante à la fois la paix

358.0 1085.0 1222.0 59.0 et la guerre. Quand les choses tournent bien pour lui, il est

358.0 1162.0 1280.0 48.0 JUPITER lui-même ; si elles tournent mal, il pleurniche. Il a re-

358.0 1226.0 1258.0 59.0 cours à Dieu ; il l’invoque à son service et non pour le servir ;

357.0 1288.0 1261.0 64.0 il le mobilise ; il le fait parler pour lui : c’est son esclave !

355.0 1349.0 1302.0 66.0 et il l’implore !..... Et c’est ici que l’on peut mesurer le trou-

358.0 1428.0 1264.0 54.0 ble mental de l’empereur et le désarroi de son Gouvernement. Ce

355.0 1481.0 1265.0 69.0 désarroi n’est pas encore complet, mais il est déjà très sensi-

355.0 1559.0 1267.0 52.0 ble. €€ C’est l’effondrement pro-

355.0 1623.0 1263.0 57.0 chain du militarisme allemand. Comment en serait-il autrement ?

355.0 1688.0 1256.0 56.0 Voir les anglais implacablement progresser sur Ypres, sur Lens,

357.0 1750.0 1241.0 68.0 tandis que nous, Français, avons reconquis une part de nos ré-

355.0 1819.0 1263.0 66.0 gions occupées, sur la Somme et l’Aisne ; voir Verdun non seule-

353.0 1885.0 1287.0 61.0 ment résister, mais répondre aux armées du Kronprinz par des at-

357.0 1960.0 1302.0 53.0 taques victorieuses ; voir les Italiens habilement menacer et cre-

355.0 2026.0 1283.0 64.0 ver la ligne des autrichiens ; voir les roumains et les russes se
