1752 2197
881.0 98.0 81.0 68.0 - 4 -

348.0 203.0 1283.0 73.0 se reprendre et immobiliser, en tous cas, les forces allemandes ;

344.0 276.0 1292.0 71.0 voir les japonais et la Chine et l’Australie chasser l’Allemagne

344.0 340.0 1270.0 66.0 du Pacifique et de l’Extrême-Orient ; voir les colonies, les in-

344.0 410.0 1288.0 64.0 nombrables marches et le crédit de l’Allemagne perdus, dans tou-

346.0 472.0 1305.0 77.0 tes les parties du monde, à mesure qu’augmente sa dette intérieu-

344.0 541.0 1307.0 68.0 re ; voir la Grèce venizéliste passer dans notre camp ; voir la fa-

340.0 618.0 1305.0 64.0 meuse campagne des sous-marins allemands tourner à l’impuissance ;

342.0 688.0 1289.0 53.0 voir les vaisseaux américains débarquer tranquillement, comme je

340.0 754.0 1280.0 60.0 viens de le voir, leurs jeunes troupes à Saint Nazaire ; - voir,

342.0 818.0 1245.0 69.0 enfin, tous les pays de la terre, en état de légitime défense,

342.0 887.0 1210.0 65.0 s’unir contre l’Empire Allemand et se multiplier comme si la

340.0 946.0 1291.0 62.0 guerre commençait seulement…..Certes, c’est là, comme vous le

339.0 1012.0 1290.0 68.0 disiez nettement, le 31 mars, dans la conclusion de votre exposé

339.0 1078.0 1270.0 73.0 de la situation de notre Conciliation, pour le "YEAR BOOK" de

340.0 1155.0 1247.0 62.0 la DOTATION CARNEGIE de 1917, - c’est là le commencement de la

342.0 1213.0 1287.0 74.0 fin…… Mais ce n’est pas tout. Je relève un autre symptôme de

339.0 1288.0 1293.0 64.0 ce commencement de la fin, ce sont les blasphèmes de Guillaume II.

337.0 1354.0 1286.0 61.0 Réduit, de crime en crime à l’imbécillité, il se réfugie mainte-

335.0 1424.0 1270.0 60.0 nant dans l’invocation ; il proclame son espoir en ce Dieu qu’il

337.0 1490.0 1268.0 64.0 a profané….. Bientôt, il n’espèrera plus rien que des mira-

337.0 1548.0 1284.0 68.0 cles….. En attendant, il l’invoque pour l’aider à tromper jus-

335.0 1614.0 1230.0 74.0 qu’au bout son peuple. Ce Dieu, qu’il avait osé prendre comme

333.0 1680.0 1307.0 75.0 arme offensive, n’est plus, pour lui, qu’un bouclier derrière le-

333.0 1759.0 1290.0 55.0 quel il cherche à s’abriter ! Il ne commande plus, il implore ; il

331.0 1825.0 1303.0 62.0 marmotte, comme une vieille bigote, mais publiquement, devant son

331.0 1891.0 1305.0 67.0 armée, sacrifiée par lui, et son peuple en deuil, des prières at-

333.0 1960.0 1307.0 68.0 tendries : il est humble ; il ne compte plus que sur le secours de
