1758 2197
888.0 142.0 115.0 66.0 - 6 -

390.0 269.0 1188.0 60.0 s’il n'y a pas, au contraire, développé ou ravivé à l'excès

390.0 347.0 1226.0 52.0 en lui le goût des luttes violentes, au détriment des victoi-

390.0 402.0 1168.0 66.0 res que lui assuraient sa raison et son ambition €€ d'être

388.0 472.0 1207.0 75.0 utile. On peut être énergique, dévoué, héroïque de bien des

390.0 543.0 1203.0 66.0 façons. La plus noble forme d'énergie doit finir par l'éli-

386.0 602.0 1225.0 79.0 mination, autant que possible, de la violence et par la domi-

384.0 679.0 1231.0 64.0 nation de ses instincts primitifs. Le courage d'un être doux

386.0 745.0 1187.0 56.0 vaut celui d'un être violent ; le fils de Jaurès s'est fait

384.0 805.0 1223.0 73.0 tuer comme celui de Roosevelt. Et je me demande si l'énergie

382.0 869.0 1224.0 70.0 de ce dernier a gagné à se mégalomaniser en Afrique, au lieu

380.0 944.0 1226.0 57.0 de se maîtriser aux Etat-Unis. J'ai vu à Paris le Président

380.0 1010.0 1226.0 59.0 Roosevelt, au retour de ces expéditions herculéennes ; je l'ai

384.0 1069.0 1260.0 77.0 trouvé changé ; je n'ai pu l'intéresser, à cette époque, malgré

373.0 1144.0 1189.0 57.0 mes pressants appels, au problème de l'Alsace-Lorraine dont

377.0 1210.0 1166.0 66.0 il aurait pu si utilement, pensais-je, entretenir à Berlin

377.0 1268.0 1163.0 74.0 l'Empereur Guillaume II ; pas davantage à la Russie, qu'il

373.0 1342.0 1227.0 58.0 n'a pas comprise dans l'itinéraire de ses visites en Europe. -

375.0 1407.0 1104.0 59.0 Il m'a semblé que la politique du "big stick" tendait à

375.0 1459.0 1165.0 86.0 l'emporter en lui sur celle de l'idéalisme pratique dont il

369.0 1541.0 1042.0 62.0 avait commencé vraiment à donner un modèle au monde.

664.0 1601.0 952.0 72.0 J'ai compris, plus tard, en le voyant reprendre

368.0 1667.0 1272.0 75.0 aux Etats-Unis une existence de continuelles luttes intérieures,

369.0 1741.0 1183.0 58.0 que la vie d'un ancien chef d'Etat, jeune encore, est, pour

368.0 1805.0 1177.0 64.0 ainsi dire, impossible. Il n'y a place pour lui nulle part,

368.0 1874.0 1219.0 68.0 sauf à Mont Vernon ou à la charrue de Cincinnatus, ou dans le
