1745 2197
911.0 137.0 90.0 55.0 - 5 -

311.0 259.0 1280.0 61.0 certes et avant tout que les misérables qui ont déclaré la guer-

314.0 331.0 1238.0 55.0 re soient punis. Mais un châtiment devra suivre, en outre, pour

313.0 400.0 1214.0 63.0 ceux qui l’auront fomentée et exploitée, quels qu’ils soient.

589.0 465.0 980.0 64.0 Si la guerre laisse les belligérants dans un état

311.0 525.0 1278.0 70.0 de lassitude matérielle et morale telle qu’il n’y ait pas plus de

316.0 591.0 1275.0 71.0 justice après qu’avant la guerre, le grand crime sera couvert et

307.0 657.0 513.0 68.0 par conséquent encouragé.

585.0 726.0 1000.0 68.0 En Allemagne, il n’y aura pas de paix possible si,

307.0 790.0 1203.0 64.0 par un misérables respect de scrupules dynastiques, le peuple

307.0 862.0 1262.0 66.0 allemand doit conserver le Gouvernement qui l’a sacrifié folle-

305.0 928.0 1244.0 64.0 ment en déclarant la guerre à ses voisins, s’il est condamné à

307.0 994.0 1260.0 69.0 rester dans l’avenir un troupeau passif, indifféremment victime

307.0 1050.0 1242.0 70.0 ou bourreau. Que nos alliés ne s’y trompent pas, ce n’est pas

307.0 1116.0 1236.0 79.0 en maintenant sur le trône allemand le Kronprinz maudit qu’ils

305.0 1182.0 1222.0 77.0 soutiendront le prestige du régime impérial. La dynastie des

305.0 1255.0 1220.0 63.0 Hohenzollern doit être condamnée moins par ses vainqueurs que

302.0 1327.0 1225.0 66.0 par des juges ; et de même celle des Habsbourg, celle du Tzar

303.0 1385.0 1280.0 76.0 de Bulgarie, du Sultan de Constantinople. Ces condamnations de-

305.0 1451.0 1278.0 68.0 vront être prononcées non militairement, mais par le Tribunal de

322.0 1515.0 1272.0 79.0 La Haye, création du Tzar de Russie, transformé en haute cour de

303.0 1589.0 1257.0 69.0 Justice criminelle. Cette première sanction internationale ob-

302.0 1649.0 1239.0 73.0 tenue, la conscience publique, dans chacun des pays qui auront

300.0 1722.0 1203.0 70.0 souffert de la guerre, réclamera la seconde sanction d’ordre

303.0 1779.0 1200.0 79.0 intérieur ; c'est-à-dire le châtiment de quiconque aura fait

298.0 1850.0 1238.0 83.0 obstacle à l’œuvre normale de la paix pour exploiter l’œuvre

296.0 1918.0 513.0 66.0 monstrueuse de la guerre.
