<?xml version="1.0" encoding="UTF-8"?>
<alto xmlns:xsi="http://www.w3.org/2001/XMLSchema-instance"
      xmlns="http://www.loc.gov/standards/alto/ns-v4#"
      xsi:schemaLocation="http://www.loc.gov/standards/alto/ns-v4# http://www.loc.gov/standards/alto/v4/alto-4-2.xsd">
  <Description>
    <MeasurementUnit>pixel</MeasurementUnit>
    <sourceImageInformation>
      <fileName>FRAD072_12J386_lettre0486_002.jpg</fileName>
      
    </sourceImageInformation>
  </Description>
  
  <Layout>
    <Page WIDTH="1747"
          HEIGHT="2197"
          PHYSICAL_IMG_NR="77"
          ID="eSc_dummypage_">
      <PrintSpace HPOS="0"
                  VPOS="0"
                  WIDTH="1747"
                  HEIGHT="2197">
        

        
        <TextBlock ID="eSc_dummyblock_">
          
          
          <TextLine ID="eSc_line_0fef8041"
                    
                    BASELINE="877 159 992 155" 
                    HPOS="875.0"
                    VPOS="128.0"
                    WIDTH="117.0"
                    HEIGHT="51.0">
            <Shape><Polygon POINTS="877 159 877 175 990 179 992 155 987 128 875 128 877 159"/></Shape>
	    <String CONTENT="- 2 -"
                    HPOS="875.0"
                    VPOS="128.0"
                    WIDTH="117.0"
                    HEIGHT="51.0"></String>
          </TextLine>

          
          
          <TextLine ID="eSc_line_0ee09dce"
                    
                    BASELINE="406 289 1660 292" 
                    HPOS="406.0"
                    VPOS="252.0"
                    WIDTH="1254.0"
                    HEIGHT="64.0">
            <Shape><Polygon POINTS="406 289 406 316 1659 311 1660 292 1655 254 1629 265 1604 254 1602 254 1600 254 1598 254 1593 254 1529 265 1510 254 1508 254 1507 254 1353 254 1351 254 1349 254 1345 256 1325 267 1087 267 1063 258 1051 254 1049 254 1047 254 972 258 895 263 888 259 878 252 877 252 875 252 873 252 829 259 803 263 737 259 593 252 591 252 589 252 567 261 560 263 406 263 406 289"/></Shape>
	    <String CONTENT="le retour des Alsaciens-Lorrains, sur le passage des étrangers, "
                    HPOS="406.0"
                    VPOS="252.0"
                    WIDTH="1254.0"
                    HEIGHT="64.0"></String>
          </TextLine>

          
          
          <TextLine ID="eSc_line_e71ee92f"
                    
                    BASELINE="404 355 1629 358" 
                    HPOS="404.0"
                    VPOS="320.0"
                    WIDTH="1225.0"
                    HEIGHT="71.0">
            <Shape><Polygon POINTS="1629 335 1596 324 1595 324 1593 324 1523 333 1519 333 1518 333 1494 324 1492 324 1490 324 1488 324 1486 324 1486 325 1479 333 1477 333 1474 333 1428 324 1426 324 1153 329 988 331 981 325 977 322 976 322 974 322 972 322 970 322 961 325 950 331 924 325 904 322 902 322 900 322 889 325 869 333 443 333 406 320 404 355 404 384 507 377 553 384 578 388 580 388 609 384 644 378 655 384 666 388 668 388 670 388 672 388 683 384 692 378 699 384 705 388 706 388 708 388 710 389 796 389 796 388 858 382 919 377 941 382 966 388 968 388 970 388 972 388 996 382 1014 377 1041 380 1093 389 1095 389 1166 380 1182 378 1188 380 1215 389 1217 389 1219 391 1285 391 1285 389 1287 389 1289 389 1300 378 1302 378 1307 378 1360 389 1362 389 1463 378 1468 378 1474 378 1569 389 1571 389 1627 377 1629 358 1629 335"/></Shape>
	    <String CONTENT="pour essayer de compenser les vides effrayants qu&#39;elle trouve "
                    HPOS="404.0"
                    VPOS="320.0"
                    WIDTH="1225.0"
                    HEIGHT="71.0"></String>
          </TextLine>

          
          
          <TextLine ID="eSc_line_6abab3b5"
                    
                    BASELINE="406 421 606 421" 
                    HPOS="406.0"
                    VPOS="399.0"
                    WIDTH="200.0"
                    HEIGHT="51.0">
            <Shape><Polygon POINTS="406 421 406 450 606 448 606 421 606 399 406 399 406 421"/></Shape>
	    <String CONTENT="en elle ?"
                    HPOS="406.0"
                    VPOS="399.0"
                    WIDTH="200.0"
                    HEIGHT="51.0"></String>
          </TextLine>

          
          
          <TextLine ID="eSc_line_097557c0"
                    
                    BASELINE="699 485 1589 488" 
                    HPOS="697.0"
                    VPOS="452.0"
                    WIDTH="892.0"
                    HEIGHT="58.0">
            <Shape><Polygon POINTS="699 485 697 510 1587 508 1589 488 1587 463 1455 463 1454 461 1433 452 1432 452 1430 452 1428 452 1404 459 1399 461 1389 459 1342 452 1340 452 1302 459 1287 461 699 454 699 485"/></Shape>
	    <String CONTENT="La vérité sur la réparation des destructions "
                    HPOS="697.0"
                    VPOS="452.0"
                    WIDTH="892.0"
                    HEIGHT="58.0"></String>
          </TextLine>

          
          
          <TextLine ID="eSc_line_8310a9c9"
                    
                    BASELINE="410 554 1591 551" 
                    HPOS="408.0"
                    VPOS="525.0"
                    WIDTH="1183.0"
                    HEIGHT="57.0">
            <Shape><Polygon POINTS="410 554 410 582 1589 573 1591 551 1587 527 408 525 410 554"/></Shape>
	    <String CONTENT="irréparables que nous avons subies ? Mystification, en ad-"
                    HPOS="408.0"
                    VPOS="525.0"
                    WIDTH="1183.0"
                    HEIGHT="57.0"></String>
          </TextLine>

          
          
          <TextLine ID="eSc_line_d37f5f1d"
                    
                    BASELINE="404 622 1212 618" 
                    HPOS="402.0"
                    VPOS="589.0"
                    WIDTH="810.0"
                    HEIGHT="53.0">
            <Shape><Polygon POINTS="404 622 404 642 1210 640 1212 618 1208 589 510 589 509 589 402 598 404 622"/></Shape>
	    <String CONTENT="mettant même que les Boches paient tout."
                    HPOS="402.0"
                    VPOS="589.0"
                    WIDTH="810.0"
                    HEIGHT="53.0"></String>
          </TextLine>

          
          
          <TextLine ID="eSc_line_be175368"
                    
                    BASELINE="701 686 1668 686" 
                    HPOS="701.0"
                    VPOS="649.0"
                    WIDTH="967.0"
                    HEIGHT="72.0">
            <Shape><Polygon POINTS="701 686 701 721 820 721 820 719 822 719 842 710 913 710 922 717 922 719 924 719 926 719 928 719 933 719 996 710 1018 719 1019 719 1021 719 1023 719 1025 719 1027 719 1052 710 1074 719 1076 719 1078 719 1080 719 1091 719 1157 710 1195 717 1203 719 1204 719 1221 717 1302 710 1666 715 1668 686 1666 653 924 659 915 659 868 649 866 649 816 659 814 659 813 659 789 649 787 649 785 649 701 659 701 686"/></Shape>
	    <String CONTENT="La vérité sur les désordres de la santé physique "
                    HPOS="701.0"
                    VPOS="649.0"
                    WIDTH="967.0"
                    HEIGHT="72.0"></String>
          </TextLine>

          
          
          <TextLine ID="eSc_line_0a4f801e"
                    
                    BASELINE="406 756 1569 752" 
                    HPOS="404.0"
                    VPOS="725.0"
                    WIDTH="1165.0"
                    HEIGHT="60.0">
            <Shape><Polygon POINTS="406 756 406 785 567 774 617 783 620 783 622 783 637 783 769 774 875 779 939 783 941 783 994 778 1062 772 1115 778 1164 781 1166 781 1168 781 1186 776 1201 772 1239 776 1307 781 1309 781 1567 770 1569 752 1565 725 404 725 406 756"/></Shape>
	    <String CONTENT="et morale du pays ; après quatre ans 1/2 de cette guerre ? "
                    HPOS="404.0"
                    VPOS="725.0"
                    WIDTH="1165.0"
                    HEIGHT="60.0"></String>
          </TextLine>

          
          
          <TextLine ID="eSc_line_6f627320"
                    
                    BASELINE="406 818 578 818" 
                    HPOS="406.0"
                    VPOS="790.0"
                    WIDTH="172.0"
                    HEIGHT="66.0">
            <Shape><Polygon POINTS="406 818 406 849 532 856 534 856 536 856 578 844 578 818 576 790 406 792 406 818"/></Shape>
	    <String CONTENT="Passons."
                    HPOS="406.0"
                    VPOS="790.0"
                    WIDTH="172.0"
                    HEIGHT="66.0"></String>
          </TextLine>

          
          
          <TextLine ID="eSc_line_7a4522a4"
                    
                    BASELINE="699 884 1569 887" 
                    HPOS="697.0"
                    VPOS="840.0"
                    WIDTH="872.0"
                    HEIGHT="68.0">
            <Shape><Polygon POINTS="699 884 697 908 1567 908 1569 887 1565 840 1433 856 1303 856 1280 842 1280 840 1278 840 1276 840 1175 840 1173 840 1171 840 1166 842 1128 854 1096 844 1095 844 1093 844 1091 844 1089 844 1071 854 998 844 996 844 994 844 972 854 926 844 924 844 922 844 921 844 889 854 860 844 855 842 853 842 851 842 849 842 847 842 847 844 846 844 835 854 796 844 787 842 785 842 783 842 699 844 699 884"/></Shape>
	    <String CONTENT="La vérité sur la diminution voulue de notre "
                    HPOS="697.0"
                    VPOS="840.0"
                    WIDTH="872.0"
                    HEIGHT="68.0"></String>
          </TextLine>

          
          
          <TextLine ID="eSc_line_8be10825"
                    
                    BASELINE="404 950 1569 953" 
                    HPOS="404.0"
                    VPOS="915.0"
                    WIDTH="1165.0"
                    HEIGHT="59.0">
            <Shape><Polygon POINTS="404 950 404 974 1567 972 1569 953 1567 928 1508 917 1507 917 1505 917 1485 926 1483 926 1263 917 1261 917 1259 917 1234 926 1232 926 1226 926 1162 917 1161 917 1159 917 1157 917 1148 926 1146 928 1023 928 1021 926 1012 917 1010 917 1009 917 1007 917 1005 917 988 926 987 926 974 915 972 915 970 915 968 915 966 915 941 924 941 926 695 926 694 924 683 915 681 915 679 915 677 915 404 922 404 950"/></Shape>
	    <String CONTENT="natalité déjà trop faible, et sur le danger pour la France "
                    HPOS="404.0"
                    VPOS="915.0"
                    WIDTH="1165.0"
                    HEIGHT="59.0"></String>
          </TextLine>

          
          
          <TextLine ID="eSc_line_2bfdd325"
                    
                    BASELINE="406 1017 1567 1017" 
                    HPOS="406.0"
                    VPOS="983.0"
                    WIDTH="1161.0"
                    HEIGHT="58.0">
            <Shape><Polygon POINTS="406 1017 406 1041 1567 1036 1567 1017 1565 984 739 992 727 990 681 983 679 983 604 992 595 992 593 992 575 983 573 983 571 983 487 992 485 992 483 992 448 983 446 983 444 983 443 983 406 992 406 1017"/></Shape>
	    <String CONTENT="d&#39;être submergée par la pullulation de ses voisins, depuis "
                    HPOS="406.0"
                    VPOS="983.0"
                    WIDTH="1161.0"
                    HEIGHT="58.0"></String>
          </TextLine>

          
          
          <TextLine ID="eSc_line_019b06d6"
                    
                    BASELINE="404 1083 1547 1080" 
                    HPOS="402.0"
                    VPOS="1047.0"
                    WIDTH="1145.0"
                    HEIGHT="69.0">
            <Shape><Polygon POINTS="404 1083 406 1116 430 1105 672 1105 692 1113 695 1114 697 1114 699 1114 756 1113 974 1103 1085 1109 1155 1113 1157 1113 1159 1113 1170 1109 1184 1103 1203 1107 1223 1113 1225 1113 1226 1113 1545 1103 1547 1080 1543 1056 1475 1047 1474 1047 1472 1047 1455 1056 1452 1058 1098 1058 1093 1056 1049 1047 1047 1047 972 1056 952 1058 928 1056 846 1049 844 1049 402 1056 404 1083"/></Shape>
	    <String CONTENT="l&#39;Italie jusqu&#39;à la Belgique et l&#39;Angleterre, sans parler "
                    HPOS="402.0"
                    VPOS="1047.0"
                    WIDTH="1145.0"
                    HEIGHT="69.0"></String>
          </TextLine>

          
          
          <TextLine ID="eSc_line_ceb05cf5"
                    
                    BASELINE="406 1147 1549 1151" 
                    HPOS="404.0"
                    VPOS="1118.0"
                    WIDTH="1145.0"
                    HEIGHT="61.0">
            <Shape><Polygon POINTS="406 1147 404 1169 1197 1179 1199 1179 1201 1179 1203 1179 1214 1169 1226 1179 1228 1179 1230 1179 1232 1179 1234 1179 1265 1169 1426 1169 1472 1169 1499 1179 1501 1179 1503 1179 1547 1168 1549 1151 1545 1118 406 1120 406 1147"/></Shape>
	    <String CONTENT="du reste. Le chiffre de notre natalité, je vous l&#39;ai dit"
                    HPOS="404.0"
                    VPOS="1118.0"
                    WIDTH="1145.0"
                    HEIGHT="61.0"></String>
          </TextLine>

          
          
          <TextLine ID="eSc_line_8e6bce9a"
                    
                    BASELINE="404 1212 1626 1217" 
                    HPOS="404.0"
                    VPOS="1188.0"
                    WIDTH="1222.0"
                    HEIGHT="53.0">
            <Shape><Polygon POINTS="404 1212 404 1241 1624 1237 1626 1217 1624 1191 404 1188 404 1212"/></Shape>
	    <String CONTENT="hier, d&#39;après les statistiques officielles, a diminué de près"
                    HPOS="404.0"
                    VPOS="1188.0"
                    WIDTH="1222.0"
                    HEIGHT="53.0"></String>
          </TextLine>

          
          
          <TextLine ID="eSc_line_60dabb68"
                    
                    BASELINE="404 1281 957 1277" 
                    HPOS="402.0"
                    VPOS="1250.0"
                    WIDTH="555.0"
                    HEIGHT="60.0">
            <Shape><Polygon POINTS="404 1281 404 1303 954 1310 957 1277 952 1250 402 1254 404 1281"/></Shape>
	    <String CONTENT="de moitié depuis la guerre."
                    HPOS="402.0"
                    VPOS="1250.0"
                    WIDTH="555.0"
                    HEIGHT="60.0"></String>
          </TextLine>

          
          
          <TextLine ID="eSc_line_d50e7004"
                    
                    BASELINE="406 1409 1584 1413" 
                    HPOS="404.0"
                    VPOS="1378.0"
                    WIDTH="1180.0"
                    HEIGHT="53.0">
            <Shape><Polygon POINTS="406 1409 404 1428 1580 1431 1584 1413 1580 1378 406 1380 406 1409"/></Shape>
	    <String CONTENT="vivre à la remorque, où à la discrétion de ses Alliés moins"
                    HPOS="404.0"
                    VPOS="1378.0"
                    WIDTH="1180.0"
                    HEIGHT="53.0"></String>
          </TextLine>

          
          
          <TextLine ID="eSc_line_9b1f9e2f"
                    
                    BASELINE="699 1347 1567 1343" 
                    HPOS="697.0"
                    VPOS="1314.0"
                    WIDTH="870.0"
                    HEIGHT="55.0">
            <Shape><Polygon POINTS="699 1347 699 1369 1565 1369 1567 1343 1563 1320 697 1314 699 1347"/></Shape>
	    <String CONTENT="La vérité sur le danger, pour la France, de"
                    HPOS="697.0"
                    VPOS="1314.0"
                    WIDTH="870.0"
                    HEIGHT="55.0"></String>
          </TextLine>

          
          
          <TextLine ID="eSc_line_7f5fe1fc"
                    
                    BASELINE="408 1475 1587 1479" 
                    HPOS="406.0"
                    VPOS="1442.0"
                    WIDTH="1181.0"
                    HEIGHT="64.0">
            <Shape><Polygon POINTS="408 1475 406 1495 679 1504 681 1504 683 1504 684 1504 695 1495 699 1495 851 1495 853 1495 860 1503 860 1504 862 1504 864 1504 866 1504 911 1497 998 1506 999 1506 1043 1497 1067 1506 1069 1506 1071 1506 1073 1506 1074 1506 1085 1497 1107 1506 1109 1506 1111 1506 1585 1495 1587 1479 1585 1453 408 1442 408 1475"/></Shape>
	    <String CONTENT="éprouvés, donc maîtres du marché mondial économique, à com-"
                    HPOS="406.0"
                    VPOS="1442.0"
                    WIDTH="1181.0"
                    HEIGHT="64.0"></String>
          </TextLine>

          
          
          <TextLine ID="eSc_line_29019dca"
                    
                    BASELINE="402 1543 1605 1543" 
                    HPOS="402.0"
                    VPOS="1506.0"
                    WIDTH="1203.0"
                    HEIGHT="59.0">
            <Shape><Polygon POINTS="402 1543 402 1565 1605 1565 1605 1543 1605 1519 1554 1508 1552 1508 1551 1508 1518 1517 1507 1508 1507 1506 1505 1506 1503 1506 1501 1506 1499 1506 1468 1517 1413 1506 1411 1506 1340 1517 1338 1517 1278 1506 1276 1506 1179 1517 1175 1517 1173 1517 1144 1506 1142 1506 1140 1506 1045 1508 1043 1508 1041 1508 1041 1510 1032 1517 1032 1519 838 1519 836 1517 824 1506 822 1506 820 1506 818 1506 716 1517 703 1519 585 1519 582 1517 571 1508 569 1508 567 1508 565 1508 564 1508 540 1517 536 1517 402 1517 402 1543"/></Shape>
	    <String CONTENT="mencer par le nôtre ? La vérité sur la€s€ difficulté de vendre "
                    HPOS="402.0"
                    VPOS="1506.0"
                    WIDTH="1203.0"
                    HEIGHT="59.0"></String>
          </TextLine>

          
          
          <TextLine ID="eSc_line_1d8207b6"
                    
                    BASELINE="404 1611 1585 1611" 
                    HPOS="404.0"
                    VPOS="1572.0"
                    WIDTH="1181.0"
                    HEIGHT="59.0">
            <Shape><Polygon POINTS="404 1611 404 1631 1585 1631 1585 1611 1585 1587 1521 1574 1519 1574 1518 1574 1485 1587 1281 1587 1248 1572 1247 1572 1245 1572 1181 1585 1157 1572 1155 1572 977 1572 976 1572 974 1572 944 1587 794 1587 780 1574 780 1572 778 1572 776 1572 730 1572 728 1572 672 1585 639 1572 637 1572 567 1572 565 1572 564 1572 562 1572 562 1574 547 1587 404 1587 404 1611"/></Shape>
	    <String CONTENT="nos produits grevés de charges infinies, en concurrence avec "
                    HPOS="404.0"
                    VPOS="1572.0"
                    WIDTH="1181.0"
                    HEIGHT="59.0"></String>
          </TextLine>

          
          
          <TextLine ID="eSc_line_d5115541"
                    
                    BASELINE="406 1677 1320 1671" 
                    HPOS="404.0"
                    VPOS="1636.0"
                    WIDTH="916.0"
                    HEIGHT="63.0">
            <Shape><Polygon POINTS="406 1677 406 1699 1318 1697 1320 1671 1316 1636 1173 1636 1171 1636 1170 1636 1164 1638 1144 1645 1111 1640 1093 1636 1091 1636 1062 1640 1009 1647 866 1644 730 1640 728 1640 727 1640 710 1645 703 1649 659 1647 531 1640 529 1640 527 1640 525 1640 510 1649 510 1651 404 1651 406 1677"/></Shape>
	    <String CONTENT="ceux des autres pays relativement privilé€giés€ ?"
                    HPOS="404.0"
                    VPOS="1636.0"
                    WIDTH="916.0"
                    HEIGHT="63.0"></String>
          </TextLine>

          
          
          <TextLine ID="eSc_line_9a4e719c"
                    
                    BASELINE="699 1739 1662 1744" 
                    HPOS="697.0"
                    VPOS="1713.0"
                    WIDTH="965.0"
                    HEIGHT="53.0">
            <Shape><Polygon POINTS="699 1739 697 1766 1660 1766 1662 1744 1660 1719 699 1713 699 1739"/></Shape>
	    <String CONTENT="La vérité sur la difficulté XXXXXXXXX dorénavant "
                    HPOS="697.0"
                    VPOS="1713.0"
                    WIDTH="965.0"
                    HEIGHT="53.0"></String>
          </TextLine>

          
          
          <TextLine ID="eSc_line_73031449"
                    
                    BASELINE="1254 1708 1485 1704" 
                    HPOS="1252.0"
                    VPOS="1677.0"
                    WIDTH="233.0"
                    HEIGHT="49.0">
            <Shape><Polygon POINTS="1254 1708 1254 1724 1481 1726 1485 1704 1479 1677 1252 1684 1254 1708"/></Shape>
	    <String CONTENT="d&#39;instruire"
                    HPOS="1252.0"
                    VPOS="1677.0"
                    WIDTH="233.0"
                    HEIGHT="49.0"></String>
          </TextLine>

          
          
          <TextLine ID="eSc_line_b0c117cb"
                    
                    BASELINE="404 1805 1607 1808" 
                    HPOS="404.0"
                    VPOS="1777.0"
                    WIDTH="1203.0"
                    HEIGHT="59.0">
            <Shape><Polygon POINTS="404 1805 404 1832 1400 1827 1408 1827 1464 1836 1466 1836 1605 1825 1607 1808 1605 1779 404 1777 404 1805"/></Shape>
	    <String CONTENT="ce qui restera de notre jeunesse, tout en lui faisant préma-"
                    HPOS="404.0"
                    VPOS="1777.0"
                    WIDTH="1203.0"
                    HEIGHT="59.0"></String>
          </TextLine>

          
          
          <TextLine ID="eSc_line_48aa4a64"
                    
                    BASELINE="404 1869 1508 1874" 
                    HPOS="402.0"
                    VPOS="1839.0"
                    WIDTH="1106.0"
                    HEIGHT="66.0">
            <Shape><Polygon POINTS="404 1869 402 1887 443 1902 444 1902 446 1902 571 1891 686 1902 688 1902 747 1891 800 1904 802 1904 803 1905 943 1905 943 1904 944 1904 946 1904 965 1893 1009 1904 1010 1904 1012 1904 1014 1904 1038 1893 1047 1902 1049 1902 1051 1902 1052 1902 1239 1894 1274 1905 1276 1905 1278 1905 1507 1893 1508 1874 1507 1841 404 1839 404 1869"/></Shape>
	    <String CONTENT="turément gagner sa vie, - c&#39;est-à-dire en la privant de "
                    HPOS="402.0"
                    VPOS="1839.0"
                    WIDTH="1106.0"
                    HEIGHT="66.0"></String>
          </TextLine>

          
        </TextBlock>
        
      </PrintSpace>
    </Page>
  </Layout>
</alto>
