1741 2197
901.0 91.0 105.0 68.0 - 6 -

320.0 221.0 1239.0 75.0 comme responsables, les Dirigeants. Avec ceux des prisonniers

318.0 298.0 1302.0 53.0 allemands qui parlaient français, il causait et il n’était pas le

318.0 362.0 1281.0 66.0 seul. – De même causent et fraternisent les soldats français et

320.0 435.0 1239.0 52.0 allemands de tranchée à tranchée, échangeant des journaux, des

320.0 492.0 1320.0 64.0 cigarettes, se prévenant à temps pour s’épargner des mauvais coups,

318.0 563.0 1333.0 57.0 une explosion de mine, par exemple. Bien entendu cette camaraderie

318.0 629.0 1182.0 63.0 entre ennemis est interdite par notre commandement, et avec

320.0 699.0 1322.0 51.0 raison : je suis convaincu néanmoins qu’elle n’est pas en danger

318.0 761.0 1285.0 66.0 pour les armées allemandes et qu’elle a incité plus d’un prison-

318.0 833.0 1302.0 51.0 nier allemand à se faire prendre volontairement. En tout cas, le

322.0 895.0 1279.0 57.0 fermier dont je parle prétend que ces prisonniers aiment mieux

318.0 963.0 1302.0 58.0 être sous sa garde que dans leurs tranchées et ne se gênaient pas

318.0 1034.0 1259.0 48.0 pour le dire ! En outre, ils racontaient ce qu’ils savaient des

318.0 1093.0 1225.0 64.0 mensonges de leur Gouvernement ; d’autre part il mettait au

320.0 1162.0 1320.0 60.0 point les exagérations ou les inexactitudes de nos journaux. J’ai

322.0 1232.0 1257.0 51.0 su qu’il en est généralement ainsi sur toute l’étendue de notre

320.0 1301.0 1318.0 57.0 front : l’esprit de l’amitié est le plus fort que la haine, - l’esprit

317.0 1363.0 1262.0 57.0 de justice prendra sa revanche du mauvais esprit. Ce fermier a

318.0 1422.0 1259.0 60.0 résumé exactement, je crois, le sanglant de beaucoup de braves

322.0 1493.0 1257.0 59.0 gens qui ne veulent ni livrer la France au militarisme allemand

320.0 1561.0 1259.0 53.0 ni supprimer l’Allemagne, et je suis convaincu qu’il était plus

320.0 1627.0 1257.0 51.0 d’accord avec l’immense majorité de la France que M.  Clemenceau

318.0 1695.0 1217.0 49.0 quand il me disait : "on pourra nous raconter ce qu’on voudra :

322.0 1752.0 1197.0 66.0 tout le monde voulait pas la guerre ! L’Allemagne, il est

320.0 1818.0 1279.0 73.0 vrai, l’a déclarée, c’est le malheur de tout le monde : mais cela

315.0 1883.0 1264.0 81.0 n’empêche pas qu’il y avait en France des gens qui la voulaient
