1740 2197
807.0 142.0 310.0 79.0 LETTRE N° 477.

174.0 214.0 238.0 89.0 SÉNAT

1155.0 228.0 447.0 85.0 PARIS, 4 Février 1919.

760.0 402.0 397.0 72.0 LE PRÉSIDENT WILSON

624.0 465.0 637.0 86.0 RECU à la CHAMBRE DES DÉPUTÉS .

943.0 703.0 339.0 58.0 Mon cher Butler,

730.0 891.0 890.0 68.0 Le Parlement, – les deux assemblées réunies à

437.0 953.0 1174.0 79.0 la Chambre des Députés, – a reçu hier, en séance solennelle,

439.0 1036.0 1161.0 66.0 le président des États-Unis. Les journaux vous donnent le

439.0 1093.0 1141.0 78.0 compte-rendu de cette manifestation grandiose et le texte

441.0 1164.0 1123.0 62.0 des deux discours du président Deschanel et du président

445.0 1248.0 155.0 59.0 Wilson.

738.0 1287.0 903.0 76.0 Je relèverai seulement ceci, - nouvelle affir-

441.0 1352.0 1125.0 74.0 mation, aggravation des paroles prononcées, condam-

443.0 1429.0 1163.0 64.0 nation de la négligence et de l’erreur gouvernementale que

446.0 1488.0 1121.0 68.0 nous avons vainement essayé de combattre avant la guerre:

741.0 1556.0 868.0 62.0 Le président Wilson a dit plusieurs fois, en

446.0 1623.0 1162.0 74.0 substance, à la Sorbonne et ailleurs : "cette guerre aurait

434.0 1684.0 1166.0 80.0 "pu être évitée, si €une organisation€ de conciliation avait

846.0 1669.0 249.0 46.0 un organisme

430.0 1757.0 1057.0 81.0 "été prévu et s’il avait fonctionné avant la guerre".

745.0 1827.0 689.0 66.0 Hier il a dit, en d’autres termes :

179.0 1982.0 945.0 81.0 à Monsieur le Président Nicholas Murray BUTLER.
