1766 2197
835.0 104.0 113.0 53.0 - 3 -

300.0 219.0 1308.0 70.0 G.Hanotaux, sur les travaux tout à fait remarquables de notre ami

300.0 292.0 1345.0 74.0 et collaborateur André Weiss, sur les directions de Léon Bourgeois,

298.0 360.0 1312.0 73.0 sur les interventions du pauvre Louis Renault qui vient de mourir

298.0 435.0 1293.0 59.0 subitement, sur celles de Jules Cambon, Matter, Fromageot ; j'en

298.0 501.0 1231.0 68.0 pourrais mentionner d'autres encore ; c'en est assez pour que

300.0 571.0 1352.0 56.0 vous sachiez que cette Commission, bien que tenue à une regrettable

298.0 638.0 1312.0 61.0 mais inévitable réserve, puisqu'elle a été constituée par le Gou-

300.0 708.0 1310.0 57.0 vernement et dépend du Gouvernement, lequel doit lui-même être en

302.0 772.0 1249.0 66.0 communauté de vues avec nos Alliés, ne perd pas son temps. En

305.0 845.0 1230.0 59.0 fait, elle prépare sérieusement sa contribution à l'effort de

304.0 913.0 1209.0 57.0 quantité d'initiatives in ellectuelles ou populaires pour la

304.0 977.0 1291.0 64.0 création pratique de notre future Société des Nations. C'est un

305.0 1041.0 1347.0 64.0 excellent signe. Ne manquons pas d'en tenir compte. Cette société

305.0 1109.0 1305.0 66.0 des Nations, dont la conception faisait sourire, avant la guerre,

302.0 1175.0 1247.0 68.0 s'élabore dans les esprits réfléchis. Chaque jour je pourrais

302.0 1254.0 1300.0 55.0 vous signaler quelque conférence publique organisée sur ce sujet,

304.0 1325.0 1227.0 59.0 soit à Paris, soit en province ; c'est le sujet, l'actualité;

300.0 1385.0 1229.0 59.0 partout, en France et dans tous les pays, c'est la question à

302.0 1442.0 1328.0 70.0 l'ordre du jour. Rien n'est plus éloquent que cette émulation des

302.0 1519.0 1291.0 55.0 activités pour la réalisation pratique et définitive de ce qu'on

296.0 1581.0 1233.0 61.0 appelait hier l'utopie ; émulation entre les intellectuels, la

300.0 1658.0 1269.0 62.0 masse des classes populaires et, par conséquent aussi, les Gou-

300.0 1713.0 238.0 66.0 vernements.

622.0 1777.0 1012.0 73.0 L'organisation collective du blocus a été naturel-

304.0 1849.0 1308.0 64.0 lement le point de départ de l'emploi de l'arme économique. Il a

304.0 1927.0 1269.0 63.0 fallu trois ans pour arriver à la mettre au point : elle serait
