1746 2197
888.0 120.0 136.0 59.0 - 11 -

267.0 219.0 1325.0 66.0 ce rêve de détruire XXXXXXXXX leur pays ; c’est un prétexte qu’ils

269.0 285.0 1321.0 62.0 invoquent pour détruire réellement une partie du nôtre. Enfin, là

269.0 357.0 1262.0 64.0 où ils ne sont pas, tout reste beau, tout reste riche. Je suis

269.0 428.0 1200.0 59.0 allé, plus d’une fois, chez moi dans la Sarthe, en Bretagne où

1139.0 402.0 46.0 50.0 ££

269.0 496.0 1262.0 51.0 sont mes enfants pour quelques semaines. C’est à ne pas croire

271.0 558.0 1300.0 64.0 que nous sommes en guerre. Là aussi, et à plus forte raison, les

271.0 626.0 1234.0 55.0 foins ont été coupés, séchés, rentrés, dans les conditions les

271.0 684.0 1299.0 70.0 meilleures ; les blés un peu gâtés par la pluie du printemps n’en

272.0 761.0 1257.0 57.0 sont pas moins déjà rangés en gerbes et en meules. On commence

267.0 822.0 1204.0 62.0 à les battre ; la splendeur d’un été brûlant a mûri les épis

272.0 889.0 1259.0 57.0 plus rares mais plus gros que d’habitude. Les premières machi-

267.0 957.0 1255.0 64.0 nes ronflent comme à l’ordinaire dans tout le pays. On trouve,

272.0 1021.0 1239.0 61.0 je ne sais comment, la main-d’œuvre. C’est une pitié, il est

271.0 1080.0 1258.0 64.0 vrai, de voir les enfants chargés de responsabilités et de tra-

269.0 1157.0 1258.0 64.0 vaux bien au-dessus de leur âge ; je vois un garçon de neuf ans

271.0 1224.0 1271.0 63.0 conduisant chaque jour au grand trot la carriole de ses parents,

265.0 1283.0 1237.0 66.0 descendant les côtes à faire frémir, pour lui, pour le cheval,

265.0 1356.0 1297.0 64.0 pour les passants…. C’est ainsi partout. Dans bien des fermes,

265.0 1415.0 1321.0 75.0 heureusement, des permissionnaires travaillent. A Clermont-Créans

265.0 1490.0 1279.0 64.0 nous avons depuis longtemps un détachement de chasseurs à pieds :

267.0 1543.0 1281.0 77.0 c’est un continuel va-et-vient. Ils viennent de Mamers, puis du

269.0 1614.0 1222.0 66.0 Mans, où ils se sont exercés au maniement individuel de la mi-

269.0 1682.0 1279.0 71.0 trailleuse et de la grenade ; puis attendent leur tour de départ

269.0 1752.0 1279.0 62.0 pour le front. Chaque semaine, le Vendredi, on en voit une cin-

267.0 1821.0 1281.0 64.0 quantaine prendre le train à La Flèche ; et le lendemain d’autres

272.0 1882.0 1233.0 86.0 les remplacent. Ainsi le front s’alimente régulièrement d’une
