1745 2197
886.0 115.0 119.0 73.0 - 5 -

432.0 252.0 1142.0 70.0 l’injustice. Mais en ce moment ses boutades de polémiste

432.0 333.0 1124.0 49.0 peuvent indisposer nos amis, jeter le trouble dans leurs

432.0 399.0 1166.0 47.0 esprits, les détourner du but de conciliation et de sacri-

433.0 461.0 1181.0 60.0 fice qui doit être le leur et le nôtre. N’oublions pas que

430.0 527.0 1183.0 55.0 les Gouvernements des grands Etats ne sont que trop enclins

430.0 595.0 1144.0 47.0 à dominer ou à ignorer les petits. Cela est si vrai,- je

433.0 657.0 1139.0 62.0 vous le dis pour rétablir l’équilibre,- que Ll€oy€d George

432.0 725.0 1095.0 60.0 et le Président Wilson, plus politique qu’on ne pense,

432.0 796.0 1181.0 51.0 laissent volontiers Clemenceau assumer pour eux l’impopula-

428.0 862.0 1104.0 47.0 rité d’un impérialisme qui ne peut être, chez nous, que

430.0 930.0 1195.0 51.0 d’apparence, tandis qu’il serait chez eux autrement profond.

424.0 990.0 1073.0 64.0 Les deux orgueils, anglais et américain, sont, en fait,

426.0 1060.0 1221.0 56.0 beaucoup plus durs pour les petits Etats que l’intransigeance

426.0 1125.0 1146.0 59.0 verbale de Clemenceau. Il est plus éloigné d’eux, sur ce

426.0 1186.0 1159.0 57.0 point, que de Bourgeois. Et c’est pourquoi je voudrais le

426.0 1257.0 1102.0 63.0 voir, plus habile, rallier autour de la France tous les

424.0 1329.0 1165.0 51.0 peuples faibles dont la cause est par excellence, comme la

424.0 1387.0 1180.0 63.0 nôtre, celle du Droit. Ce serait le plus sûr moyen de nous

424.0 1453.0 919.0 62.0 assurer et de conserver le respect des grands.

933.0 1547.0 584.0 67.0 Votre affectueusement dévoué,

241.0 1774.0 938.0 73.0 à Monsieur le Président Nicholas Murray BUTLER,

640.0 1854.0 216.0 73.0 NEW-YORK.

241.0 1971.0 192.0 61.0 1 annexe.
