1758 2197
902.0 131.0 315.0 83.0 LETTRE N° 475.

186.0 195.0 237.0 85.0 SÉNAT

1210.0 307.0 297.0 60.0 Janvier 1919.

756.0 426.0 536.0 84.0 LE PRÉSIDENT ROOSEVELT .

974.0 602.0 335.0 62.0 Mon cher Butler,

695.0 765.0 925.0 69.0 Au nom d'un grand nombre de nos amis Français,

404.0 831.0 1104.0 64.0 et au nom de toute ma famille, j'avais adressé à Madame

402.0 902.0 1227.0 62.0 Roosevelt un cablogramme de profonde et douloureuse sympathie

402.0 966.0 1205.0 59.0 dans son nouveau deuil. J'avais vu plusieurs fois son jeune

406.0 1032.0 1181.0 68.0 fils, Quentin, en France, au camp américain d'Isscudun et à

404.0 1107.0 1181.0 50.0 Châteauroux où mon fils se trouvait lui aussi, aviateur, et

402.0 1166.0 1130.0 60.0 c'est, pour une part, en pensant à lui que je ne cessais

404.0 1233.0 1242.0 59.0 de donner à ses camarades le conseil d'être prudents pour être

402.0 1301.0 1163.0 64.0 plus effectivement audacieux. Leur témérité m'inquiétait.

401.0 1373.0 1258.0 60.0 Beaucoup d'entre eux sont tombés victimes de leur inexpérience,

404.0 1429.0 1205.0 61.0 dès leur premier combat avec un ennemi qui les guettait, les

402.0 1510.0 1149.0 55.0 attirait et les surprenait sous le nombre ou dans quelque

402.0 1578.0 1224.0 53.0 piège. Je ne cessais de leur dire, malheureusement trop sou-

402.0 1638.0 1185.0 59.0 vent en vain : "Apprenez à vous faire tuer". Je me rappelle

404.0 1700.0 1214.0 68.0 l'enfance de ces jeunes fils du Président Roosevelt, si unis,

408.0 1766.0 1198.0 63.0 si gais, autour de leur tendre mère, à la Maison Blanche, et

402.0 1827.0 1149.0 71.0 déjà aventureux, se lançant tête baissée dans les rues de

164.0 1986.0 947.0 79.0 à Monsieur le Président Nicholas Murray BUTLER.
