1758 2197
869.0 133.0 116.0 64.0 - 5 -

714.0 267.0 864.0 73.0 Il a poursuivi le développement de son pays

412.0 329.0 1210.0 73.0 dans la paix. Mais ce programme n'a pas été pour lui, comme

413.0 400.0 1266.0 79.0 pour tant d'autres, un mot. L'assainissement moral et matériel

415.0 470.0 1187.0 62.0 des Etats-Un/is a été son but précis, bien arrêté, son pro-

415.0 543.0 1205.0 61.0 gramme d'action. Et, pour appliquer ce programme, il a com-

415.0 609.0 1148.0 66.0 mencé par l'essentiel, par le plus difficile, ce que peut

419.0 671.0 1165.0 70.0 seul faire un homme de bien ; il€s€ s'est en€t€ouré des meil-

417.0 746.0 1223.0 59.0 leurs hommes qui fûssent à sa portée, à commencer par l'admi-

417.0 809.0 1187.0 58.0 rable John HAY, par Elihu ROOT, par TAFT, et aussi par tous

417.0 875.0 1227.0 66.0 ces jeunes qu'il était si fier de nous présenter, à la Maison

417.0 937.0 1148.0 66.0 Blanche, sous ce beau nom : "mes âmes blanches". Des âmes

419.0 1005.0 1168.0 71.0 qu'il avait chargées de la régénérations et du salut de son

419.0 1069.0 1194.0 69.0 pays ; l'éducation, l'hygiène, le reboisement, l'irrigation,

417.0 1147.0 1218.0 54.0 la remise en état de vos fleuves, la construction des routes,

1060.0 1111.0 588.0 47.0 ££ ££ ££ ££ ££ ££ ££ ££ ££

421.0 1202.0 1186.0 70.0 la mise en valeur enfin de tant de richesses compromises ou

419.0 1276.0 216.0 66.0 négligées.

712.0 1338.0 833.0 60.0 Le repos fut le grand ennemi du Président

421.0 1398.0 1225.0 68.0 Roosevelt. Il n'était pas capable de repos. Quand il quitta

419.0 1479.0 1205.0 51.0 la Présidence, il était trop jeune, trop vigoureux pour être

421.0 1536.0 1168.0 69.0 inactif ; trop sensible pour rester spectateur indifférent

421.0 1600.0 1223.0 64.0 de la conduite de ses successeurs. Il commença par se lancer

423.0 1666.0 1241.0 71.0 dans le continent africain. Je ne sais trop si la vie intense

423.0 1741.0 1201.0 58.0 qu'il y mena et ses chasses retentissantes au lion, à l'élé-

423.0 1805.0 1181.0 66.0 phant, furent compatibles avec les méditations qui devaient

419.0 1861.0 1225.0 79.0 être le fruit de mon expérience du pouvoir et de sa retraite ;
