1742 2197
881.0 115.0 117.0 55.0 - 5 -

331.0 230.0 1101.0 75.0 du fini contre l'infini ; de l'ombre contre la lumière.

624.0 305.0 630.0 68.0 N'en parlons plus et attention.

624.0 369.0 953.0 72.0 Nos sacrifices prolongés sont immenses ; chaque

335.0 435.0 1298.0 73.0 jour c'est un deuil nouveau, une saignée plus lamentable ; chacun

333.0 508.0 1222.0 66.0 de nos enfants sacrifié emporte avec lui l'héritage d'un long

333.0 580.0 157.0 58.0 passé!:

549.0 644.0 945.0 60.0 "Et je puis voir répandre un sang si précieux !

551.0 701.0 941.0 67.0 "Et je laisse avec lui périr tous ses aïeux !"

333.0 772.0 1200.0 66.0 Toute la tragédie humaine est résumée dans cette guerre ! et

335.0 849.0 1240.0 53.0 cependant, le plus humble de nos soldats revenant chez moi, de

335.0 906.0 1181.0 60.0 Verdun, en permission, me ferait rougir de honte si j'osais

333.0 979.0 1262.0 59.0 faiblir devant lui.... Ces jeunes gens de vingt-trois ans, que

329.0 1041.0 1282.0 62.0 nous avons vus blessés à Créans, au début de la guerre, ceux qui

335.0 1102.0 1220.0 71.0 survivent, sont devenus des vétérans.... et des/héros, sans le

333.0 1173.0 1258.0 57.0 savoir. Mourir pour eux n'est plus rien. Ils s'oublient tota-

335.0 1239.0 1278.0 66.0 lement. Déjà ils n'existent plus que pour l'avenir.... eux, des

335.0 1309.0 1275.0 53.0 enfants ! Vaincre, voilà leur seul but, leur seule pensée. Vain-

335.0 1376.0 1201.0 63.0 cre pour qui ? Pour eux-mêmes ? Non, pour le pays, pour la

335.0 1440.0 430.0 61.0 justice, pour l'idée!

587.0 1497.0 1050.0 68.0 J'admets que nous aurons encore bien des difficultés,

335.0 1570.0 1276.0 55.0 des revers même, - nous sommes prêts à tout : mais ce qu'il faut

335.0 1633.0 1218.0 64.0 savoir, c'est que le moindre succès suffira pour soutenir les

333.0 1704.0 1255.0 64.0 courages, les exalter ; que dis-je, les pousser jusqu'à l'abné-

329.0 1764.0 629.0 70.0 gation volontaire et fanatique.

630.0 1829.0 916.0 69.0 Et ce qui est vrai pour la France l'est aussi,

329.0 1894.0 1264.0 72.0 maintenant, pour l'Angleterre, l'Empire britannique tout entier
