1758 2197
855.0 131.0 113.0 70.0 - 7 -

294.0 245.0 1251.0 66.0 nécessité d’organiser d’abord le blocus, puis la privation des

298.0 325.0 1245.0 57.0 matières premières a conduit les Alliés, d’effort en effort, à

296.0 399.0 1255.0 53.0 une série de progrès d’ordre national, puis, de négociation en

294.0 457.0 1291.0 66.0 négociation, à une série de progrès d’ordre internationale.-. On

298.0 530.0 1289.0 55.0 est donc arrivé à prévoir comme une des sanctions de la paix, et

298.0 596.0 1287.0 70.0 pour le temps de paix, le refus collectif des matières premières

296.0 664.0 1311.0 55.0 contre l’Etat qui mettrait la paix en danger. Cette menace, pour

296.0 730.0 1169.0 68.0 être sérieuse comporte une double organisation préalable:

452.0 838.0 84.0 66.0 A.-

754.0 827.0 502.0 68.0 Organisation intérieure :

959.0 878.0 134.0 42.0 ££

1389.0 822.0 251.0 69.0 Chaque Etat,

289.0 908.0 1304.0 58.0 membre de la Société des Nations, €€ être prêt à s’abstenir,

294.0 970.0 1333.0 62.0 en d’autres termes, à se priver lui-mêm e, en temps de paix, comme

294.0 1039.0 1231.0 57.0 aujourd’hui en temps de guerre, d  e tout commerce avec l’Etat

294.0 1102.0 1192.0 64.0 délinquant ou récalcitrant ; il convient         dès à présent, de

1076.0 1065.0 108.0 55.0 ££

296.0 1168.0 1267.0 64.0 prévoir et d’atténuer, dans la mesure possible, cette privation

298.0 1235.0 1306.0 63.0 sub  ite, ce sacrifice plus ou moins sensible€.€ pour le commerce et

298.0 1305.0 1238.0 69.0 la production de chacun des pays qui appliqueront la sanction.

450.0 1398.0 84.0 72.0 B.-

745.0 1406.0 599.0 67.0 Organisation internationale.

1435.0 1413.0 189.0 58.0 Afin que

294.0 1468.0 1290.0 62.0 la sanction soit bien appliquée par tous, quelle que puisse être

293.0 1543.0 1307.0 55.0 l’inégalité des sacrifices imposés aux uns plus qu’à d’autres, il

86.0 1605.0 1477.0 62.0 convient – et cela, d’ailleurs, pour le plus grand bien général, - de tenir

294.0 1673.0 1288.0 66.0 très exactement à jour le bilan des ressources et des besoins de

296.0 1746.0 1282.0 53.0 chacun et de tous ; cela fait, on pourra et on devra faire fonc-

293.0 1814.0 1269.0 55.0 tionner un système de compensation, d’assurance ou d’assistance

293.0 1876.0 1307.0 72.0 mutuelle, peu importe le mot, tel que chacun participe à l’effort
