1751 2197
382.0 97.0 539.0 89.0 ££ ££ ££ ££

172.0 232.0 247.0 84.0 SÉNAT

485.0 190.0 602.0 117.0 ££ ££ ££ ££ ££

979.0 140.0 477.0 76.0 PARIS, 10 Juillet 1916

593.0 410.0 674.0 67.0 Monsieur le Président du Conseil,

181.0 543.0 276.0 123.0 ££

318.0 739.0 1226.0 72.0 n'avaient d'autre objet que de provoquer les très importantes

633.0 686.0 931.0 57.0 Mes observations volontairement très réservées

322.0 807.0 1216.0 64.0 déclarations que vous avez faites au Sénat en Comité Sec ret.

320.0 873.0 1306.0 69.0 Vous comprendrez que je tienne à conserver, au moins pour moi, la

320.0 946.0 1302.0 62.0 substance de ces déclarations qui répondaient, sur la plupart des

320.0 1016.0 1225.0 60.0 points, à mon attente. J'en ai rédigé, d'après mes notes, le

322.0 1072.0 1260.0 61.0 résumé personnel ci-joint. Pour épargner vos instants, permet-

322.0 1144.0 1242.0 58.0 tez-moi de vous le soumettre en vous priant, si vous n'y voyez

322.0 1208.0 1244.0 64.0 pas d'inconvénient, de me dire si vous le trouvez fidèle. Dans

326.0 1279.0 1256.0 53.0 le cas où vous en jugeriez autrement, je vous serais reconnais-

320.0 1338.0 1280.0 66.0 sant de bien vouloir m'indiquer, s'il est possible, les rectifi-

322.0 1417.0 549.0 58.0 cations qu'il comporterait.

322.0 1545.0 1000.0 62.0 sentiments de haute considération et bien dévoués.

637.0 1475.0 945.0 70.0 Croyez, Monsieur le Président du Conseil, à mes

818.0 1634.0 672.0 97.0 ££ ££ ££

205.0 1891.0 703.0 71.0 À Monsieur le Président du Conseil,

456.0 1955.0 137.0 84.0 PARIS.
