1742 2197
773.0 115.0 401.0 79.0 LES REPRÉSAILLES €?€

597.0 119.0 95.0 67.0 3°, -

633.0 256.0 907.0 55.0 C’est une question terriblement complexe mais

320.0 316.0 1280.0 66.0 sur laquelle il est impossible que le Gouvernement n’exprime pas

320.0 399.0 445.0 56.0 nettement son opinion.

635.0 452.0 927.0 58.0 On me cite les déclarations publiques de M. le

318.0 518.0 1259.0 69.0 Professeur Louis Renault, Jurisconsulte du Ministère des Affai-

318.0 585.0 1240.0 68.0 res Etrangères, dont la haute autorité est universellement re-

320.0 657.0 1260.0 55.0 connue. J’ai le plus grand respect pour l’opinion de M. Louis

322.0 719.0 1236.0 57.0 Renault ; mais il est clair que ni lui ni aucun autre juriscon-

322.0 785.0 1258.0 57.0 sulte international n’a pu prévoir, avant la guerre, les crimes

322.0 856.0 1238.0 53.0 sans nom dont le Gouvernement allemand se rendait coupable en

322.0 917.0 1200.0 60.0 déclarant cette guerre et en la poursuivant au mépris de ses

320.0 984.0 1202.0 66.0 engagements les plus solennels, au mépris des traités signés

318.0 1045.0 1251.0 64.0 par lui, au mépris du droit des gens et du Droit de l’Humanité.

633.0 1109.0 907.0 73.0 Cela dit, je suis le premier à proclamer, moi

320.0 1180.0 1242.0 70.0 aussi, bien entendu, que l’armée Française, - dans l’hypothèse

318.0 1250.0 1264.0 62.0 où s’est placé M. Louis Renault, c’est-à-dire l’armée Française

320.0 1314.0 1301.0 64.0 avançant, à son tour, sur le territoire allemand, - n’y commettra

318.0 1389.0 1260.0 53.0 pas les crimes qui ont déshonoré l’armée allemande. Aucun chef

320.0 1457.0 1238.0 55.0 Français ne les ordonnera ; aucun soldat Français ne les exécu-

320.0 1515.0 154.0 61.0 terait.

591.0 1578.0 984.0 67.0 Cela est l’évidence ; je n’ai pas besoin de le dé-

320.0 1649.0 1039.0 62.0 clarer ; €Nous€ €le€ €savons€ €tous€; tout le monde le sait.

633.0 1704.0 920.0 64.0 Mais, il y a une autre hypothèse en face de la-

320.0 1781.0 1235.0 53.0 quelle nous sommes bien obligés de nous placer, car cette hypo-

318.0 1849.0 1224.0 53.0 thèse, l’Allemagne en a fait une effroyable réalité : c’est le

326.0 1904.0 1194.0 69.0 système de terrorisation allemande, employé froidement et de
