1753 2197
917.0 97.0 125.0 56.0 - 4 -

390.0 258.0 1223.0 73.0 le chemin jusqu'alors impraticable de la paix. Et c'est bien

390.0 333.0 1183.0 58.0 parce que ce chemin fut dégagé que, grâce encore à la géné-

391.0 399.0 1219.0 58.0 reuse et sage initiative de votre pays, la Seconde Conférence

393.0 468.0 1198.0 64.0 de La Haye a pu s'ouvrir en 1907. - Le Tzar aurait définiti-

393.0 532.0 1218.0 68.0 vement renoncé à la convoquer s'il n'y avait XXX été littéra-

391.0 604.0 1162.0 51.0 lement forcé par le Gouvernement des Etats-Unis. Aujourd'

391.0 677.0 1220.0 49.0 hui la guerre a de nouveau relégué ces premiers efforts déci-

391.0 730.0 1182.0 62.0 sifs dans un passé que le scepticisme affecte de considérer

393.0 803.0 1220.0 55.0 comme nul. En fait, la Société des Nations, dont nous allons

391.0 871.0 1259.0 53.0 enfin poser les bases, ne sera que le développement de l’œuvre

391.0 933.0 233.0 57.0 de La Haye.

685.0 1186.0 906.0 62.0 Ce que j'ai toujours admiré chez le Président

390.0 1263.0 1221.0 57.0 Roosevelt, c'est que son attachement au Droit et à la Justice

390.0 1325.0 1124.0 59.0 n'était pas seulement un effet de sa générosité et de sa

390.0 1396.0 1152.0 59.0 bonté naturelles, mais une conséquence de son patriotisme,

388.0 1462.0 1104.0 55.0 une obligation dictée par sa raison même, par sa volonté

390.0 1534.0 1220.0 49.0 réfléchie de bien servir son pays. Il voulait que les Etats-

391.0 1594.0 1189.0 57.0 Unis fûssent prospères et forts pour bien servir l'Humanité,

390.0 1666.0 1216.0 60.0 et il comprenait que le Monde ne pouvait progresser, ni vivre

390.0 1733.0 1161.0 57.0 dans l'injustice et la discorde. - Notre devise de la Con-

390.0 1788.0 1218.0 72.0 ciliation : "PRO PATRIS PER ORBIS CONCORDIAM" aurait pu être

391.0 1863.0 1160.0 59.0 la sienne ; en fait, elle est devenue celle de beaucoup de

390.0 1918.0 1203.0 75.0 ses compatriotes et de ses amis. Elle a plus d'avenir qu'on

390.0 1997.0 196.0 59.0 ne pense.
