1741 2197
897.0 102.0 120.0 60.0 - 5 -

304.0 234.0 1323.0 71.0 contraste ! Nous avons fait notre possible pour l’éviter ! Je suis

307.0 298.0 1241.0 64.0 allé le conduire à son régiment : j'y ai constaté que tous les

307.0 375.0 1243.0 68.0 jeunes gens qui, pour une raison ou une autre, sont revenus du

306.0 433.0 1281.0 74.0 front, n’ont qu’un désir, y retourner la plus tôt possible, pour

307.0 507.0 1340.0 66.0 en finir à effacer les Allemands. Il faut voir la noble assurance

307.0 573.0 1146.0 64.0 de leur regard. Elle en est plus que toutes les paroles !

584.0 638.0 1065.0 59.0 La population du Mans, celles de la campagne trouvent

309.0 704.0 1281.0 64.0 cette assurance normale ; il faut vaincre ; il faut en prendre son

307.0 768.0 1305.0 68.0 parti. Aussi les marchés ont-ils repris leurs animations ; le civil

311.0 842.0 1318.0 55.0 vit le plus naturellement du monde avec le militaire revenant pas-

309.0 909.0 1300.0 57.0 ser quelques jours dans ses foyers ; les permissionnaires, encore

311.0 968.0 1219.0 60.0 tout couverts de la boue des tranchées, arrivent et repartent

309.0 1034.0 1279.0 64.0 par milliers, chaque jour, encombrants gaiement les trains et les

311.0 1107.0 1263.0 51.0 rues de leur va-et-vient. Le spectacle de la ville du Mans est

313.0 1173.0 1239.0 55.0 inénarrable : chaque jour semble à jour de fête : la moitié des

313.0 1235.0 1296.0 59.0 magasins sont transformés en pâtisseries !! Les pâtissiers et les

311.0 1303.0 1235.0 62.0 hôteliers ont fait des affaires d’or depuis dix-huit mois.

588.0 1371.0 1022.0 53.0 Hier j’ai rencontré un brave fermier que je connais

318.0 1440.0 1272.0 59.0 de longue date : il est père de trois enfants. Cet homme excel-

313.0 1512.0 1261.0 57.0 lent gardait, à Laval, les prisonniers allemands. Il fait, lui

315.0 1563.0 1257.0 66.0 aussi, son devoir de, comme tout le monde ; il a eu un frère tué et

313.0 1638.0 1219.0 61.0 un beau-frère aussi ;  il n’est pas lui-même bien solide. Mais

318.0 1709.0 1272.0 52.0 il ne perd pas la tête pour cela ; et, si j’en parle, c’est parce

315.0 1777.0 1200.0 50.0 qu’il a toujours paru très exactement représenter la bonne

315.0 1841.0 1220.0 52.0 moyenne du sentiment populaire Français. Il n’en veut pas au

311.0 1900.0 1237.0 75.0 peuple allemand ; il n’est sévère que pour ceux qu’il considère
