1739 2197
575.0 84.0 1006.0 78.0 Voici ces déclarations, extraites d’une conférence

306.0 157.0 1216.0 60.0 faite par M. Louis Renault, à l’Ecole des Sciences Morales et

300.0 221.0 1242.0 77.0 Politiques, le 13 Février 1915, sous ce titre : "l’Allemagne et

306.0 296.0 461.0 62.0 le Droit des Gens"  ::

667.0 269.0 65.0 53.0 (1 :)

621.0 355.0 962.0 77.0 "Alors, je pose la question concrète, angoissan-

306.0 428.0 1196.0 66.0 te, qui est celle-ci : nous avançons, nos troupes sont sur le

306.0 492.0 1051.0 70.0 territoire allemand, qu’est-ce qu’elles vont y faire ?

615.0 558.0 960.0 73.0 Je me place au point de vue des règles du droit.

304.0 620.0 1257.0 77.0 Est-ce que nous devons traiter les Allemands d’après leurs pro-

304.0 692.0 1238.0 64.0 pres idées ? C’est extrêmement délicat, et je vous dirai que je

304.0 754.0 1255.0 69.0 n’ai pas eu d’opinion à donner en dehors, que c’est une opinion

304.0 820.0 1215.0 77.0 toute personnelle, que j’ai beaucoup réfléchi et que j’ai été

304.0 895.0 1273.0 64.0 très tourmenté avant d’arriver à une solution approximative, - je

300.0 953.0 1235.0 74.0 ne suis pas plus ambitieux que cela- : je crois fermement que

296.0 1028.0 1202.0 63.0 nous sommes déliés de tout engagement envers les Allemands à

300.0 1094.0 1255.0 68.0 raison de leur conduite – mais que nous ne sommes pas déliés de

300.0 1151.0 1255.0 73.0 tout engagement envers nous-mêmes. Nous ne pouvons pas et nous

296.0 1224.0 1296.0 61.0 ne devons pas dire à nos troupes de faire ce que les troupes alle-

296.0 1287.0 1289.0 69.0 mandes ont fait chez nous, elles ne le feraient pas, je l’espère.

298.0 1343.0 1274.0 88.0 Il y aura là, dit-on, une cause de faiblesse. Oui. Mais il y a

298.0 1424.0 1272.0 69.0 une cause de grandeur morale, de valeur morale et c’est cela que

293.0 1481.0 1224.0 75.0 nous ne devons pas abdiquer. Je crois, par exemple, que nous

293.0 1556.0 1257.0 67.0 ne devons jamais manquer la parole donnée, que nous ne devons

295.0 1620.0 1255.0 69.0 jamais tuer des femmes, des enfants, des vieillards quoique on

293.0 1688.0 1255.0 71.0 ait tué des femmes, des enfants, des vieillards chez nous ; nous

291.0 1752.0 1253.0 69.0 devons monter que nous valons mieux qu’eux et que ceux qui dé-

293.0 1816.0 1253.0 73.0 fendent la civilisation ne se conduisent pas comme ceux qui dé-

300.0 1856.0 405.0 51.0 fendent la "Kultur". "

152.0 1909.0 1412.0 77.0 (1) Conférence publiée par la Librairie Felix Alcan, dans sa bibliothè-

234.0 1953.0 1096.0 70.0 que d’histoire contemporaine sous ce titre : "La Guerre".

1343.0 1984.0 238.0 81.0 ££ ££ ££
