1745 2197
897.0 104.0 124.0 71.0 - 6 -

327.0 238.0 1280.0 73.0 électrisé, et pour la Russie, et pour l'Italie... Cela ne fait

333.0 311.0 1276.0 64.0 que commencer pour eux ; plus la France souffrira, plus irrésis-

329.0 380.0 745.0 55.0 tible sera son exemple, sa contagion.

620.0 444.0 908.0 66.0 Laissons cela. Vous n'avez pas besoin que je

327.0 518.0 1278.0 56.0 vous affirme ma certitude. J'ai eu l'occasion d'interroger tous

327.0 571.0 1238.0 71.0 ces temps-ci, soit en particulier, soit ailleurs, le Président

327.0 637.0 1277.0 73.0 du Conseil, ou je l'ai entendu spontanément répondre à quelques-

327.0 715.0 1256.0 53.0 unes des questions qui me préoccupent. Il a été vraiment supé-

329.0 778.0 1273.0 56.0 rieur, non seulement à l'élite des hommes d'Etat qui l'entourent

329.0 844.0 1260.0 62.0 ou qui le combattent, il a été supérieur à lui-même. La guerre

327.0 898.0 762.0 68.0 l'a élevé au-dessus de toute atte€i€nte.

620.0 977.0 925.0 57.0 Indépendamment de ce qu'il a pu dire en Comité

325.0 1034.0 1277.0 73.0 secret, j'ai résumé, pour moi, quelques-unes de ses déclarations

324.0 1103.0 1280.0 68.0 personnelles ; j'aurais voulu me rappeler textuellement ce qu'il

325.0 1177.0 1198.0 58.0 a dit pour expliquer l'attitude de la Roumanie, enclavée, et

325.0 1244.0 1216.0 54.0 pendant longtemps sans secours, entre des voisins puissamment

325.0 1298.0 1293.0 71.0 armées ; ce qu'il a dit du noble rôle de l'Italie qui n'a pas eu,

324.0 1374.0 1179.0 65.0 comme nous, à subir la guerre, mais qui délibérément, y est

325.0 1437.0 1189.0 67.0 allée ! Et de la Serbie, et des Etats-Unis, et du Japon! Tout,

327.0 1499.0 1256.0 75.0 dans son langage, était un témoignage encourageant de gratitude

322.0 1570.0 1258.0 64.0 pour les services rendus, un acte de foi raisonnée dans le tri-

322.0 1638.0 1208.0 66.0 omphe du Droit. Je me suis borné aux trois résumés suivants,

320.0 1693.0 1320.0 79.0 bien insuffisants mais fidèles en XXXXXX substance et portant tous

322.0 1775.0 1254.0 57.0 trois sur des points qui m'intéressaient particulièrement. Vous

324.0 1810.0 1261.0 62.0 les trouverez ci-joint, à titre personnel, bien entendu, quoiqu'

320.0 1847.0 720.0 51.0 ils n'aient vraiment rien de secret.

871.0 1880.0 584.0 62.0 Votre affectueusement dévoué

115.0 1991.0 804.0 70.0 Monsieur le Président N.Murray BUTLER.

891.0 1938.0 615.0 110.0 ££ ££ ££

492.0 2048.0 192.0 61.0 NEW-YORK.
