1751 2197
838.0 122.0 134.0 53.0 - 14 -

283.0 258.0 1301.0 60.0 temps que les vêtements de sport. Je n’ai pu m’empêcher d’expri-

280.0 324.0 1245.0 51.0 mer mon étonnement devant l’élégance de ce magasin, le luxe de

282.0 388.0 1280.0 62.0 sa clientèle. "Ne m’en parlez pas", me répond naïvement le com-

280.0 446.0 1205.0 72.0 mis, un homme âgé, qui me suivait, "j’en ai honte !!! Je n’ai

283.0 521.0 1279.0 63.0 jamais tant vendu ! Jamais on n’a tant dépensé ! Cela ne devrait

280.0 591.0 1280.0 53.0 pas être permis". Il me donne alors quelques détails. Dans cer-

282.0 655.0 1232.0 60.0 tains milieux, c’est un raffinement de commandes de lingeries,

280.0 714.0 1242.0 69.0 de vêtements, de chaussures. Et je ne parle pas XXXXXXXXXX des

282.0 787.0 1296.0 58.0 femmes seulement. Même observation jusque sur le front. Certain

280.0 847.0 1251.0 64.0 régiment de cavalerie qui nous a reçus à son campement, vivant,

278.0 909.0 1258.0 66.0 l’hiver dans un village, l’été en pleins champs, sous la tente,

278.0 986.0 1238.0 59.0 n’en était pas moins prêt pour la parade comme pour la charge :

276.0 1050.0 1255.0 59.0 les chevaux bien nourris, fringants, le poil luisant au soleil,

276.0 1109.0 1280.0 68.0 les hommes vigoureux et de bonne mine, les officiers plus qu’ir-

276.0 1180.0 1279.0 61.0 réprochables dans leurs uniformes pittoresques, - et tout à fait

274.0 1241.0 1282.0 64.0 beaux sous les armes. Ils  nous rappelaient les gravures classi-

274.0 1316.0 1262.0 57.0 ques des armées du premier empire. Encore un peu, si la guerre

272.0 1376.0 1275.0 68.0 dure, et la fantaisie aidant, nous verrons surgir à un luxe sobre,

274.0 1448.0 1271.0 62.0 discret sans doute, mais un véritable luxe de tenues militaires.

276.0 1512.0 1277.0 58.0 Les officiers sont bien payés : quand on ne se bat pas, ils s’en-

272.0 1576.0 1312.0 68.0 nuient ; l’élégance est une distraction pour certains d’entre eux.

278.0 1642.0 1266.0 71.0 Trop peut-être. – Mais la dépense n’est pas chez eux seulement,

272.0 1711.0 1301.0 63.0 elle s’est démocratisée. On ne se refuse rien. Qui sait de quoi

271.0 1768.0 1326.0 71.0 demain sera fait ? Du haut en bas tout le monde dépense sans comp-

271.0 1843.0 1302.0 70.0 ter, même les plus pauvres. Pour la plupart cette dépense est un

272.0 1896.0 1299.0 86.0 soulagement ou un bienfait. Chaque famille envoie plusieurs fois

269.0 1975.0 1183.0 77.0 par semaine des colis postaux aux soldats, ou blessés, aux
