480 640
211 20 50 31 - 12 -

53 47 376 40 Nation Armée et par conséquent la démocratie, qui a sauvé la

50 77 49 26 France.

52 118 403 30 qui nous a coûté si cher dans le passé, le fétichisme de l’offi-

148 101 304 26 Ainsi se propage aux Etats-Unis la grande erreur,

52 143 408 26 cier de carrière et de l’armée professionnelle, anachronisme con-

52 164 414 25 damné chez nous et dont on voudrait faire chez vous une nouveauté,

51 187 405 23 une carrière : la carrière militaire aux Etats-Unis !! Cela est

53 208 407 25 si vrai que vos journaux, inspirés des nôtres, tous dépendant des

55 228 413 29 nouvelles que leur donnent nos cercles militaires et mondains, ont

56 250 414 25 commencé, plus ou moins ouvertement, leur campagne odieuse, parti-

55 272 390 21 culièrement dans le Nouveau-Monde, contre la vraie armée d’une

55 313 400 25 Révolution française. Ils ont poussé leur mystification jusqu’à

56 292 404 25 démocratie, celle qui fut victorieuse de l’Europe entière sous la

57 334 393 25 vouloir vous dégoûter de vous-même, c’est-à-dire du peuple, de

58 356 407 24 la nation, des troupes et des officiers de réserve, et même de la

58 376 377 25 justice civile. ££I££ls ont eu beau jeu ; chaque pays maudissant

57 397 407 25 plus ou moins ses juges ; mais la justice civile est tout de même

56 438 368 25 guerre. A défaut des victoires qu’elle nous promettait, la

58 416 382 25 un grand progrès sur les exécutions sommaires des Conseils de

59 459 396 25 presse sensationnelle cherches des diversions et des occasions de

59 478 413 25 revanche ; elle nous pousse, sous prétexte de discipline et de pré-

56 499 419 26 caution€.€ contre les abus de la liberté,à réhabiliter les pires abus

60 520 400 25 du militarisme. Et la voici qui veut convertir la France et ses

60 540 414 34 Alliés aux plus lamentable reculs. C’est avec une grande tristesse
