480 640
207 11 36 31 - 4 -

37 34 389 40 aujourd’hui d’une efficacité presque complète, même en ce qui

37 68 417 27 concerne les neutres, si la défection de la Russie et le désastre

37 87 413 29 roumain qu’elle a entrainé n’avaient pas ouvert à l’Allemagne l’espé-

37 110 401 27 rance de rompre son isolement par terre. La colonisation de la

38 132 385 26 Russie et de l’Asie par l’Allemagne, si l’Allemagne reste ce

37 154 431 28 qu’elle est, et quand la Russie cessera d’être anarchique, enlèvera

38 178 346 24 au blocus maritime une part considérable de son effet.

41 203 402 40 telligence des Alliés qui n’a finalement rien trouvé de décisif

138 197 317 27 Mais le blocus n’a été qu’une première étape ; l’in-

42 241 420 23 dans le traditionnel domaine militaire des "officiers de carrière",

39 261 416 27 a pu s’ingénier plus heureusement dans l’indépendance des recher-

41 284 401 22 ches individuelles de l’esprit moderne. – (Là encore, quoiqu’en

41 304 428 26 disent les nationalistes, c’est le civil qui aura "sauvé la guerre",

41 325 404 27 dans la mesure où elle pouvait être sauvée ; et c’est pourquoi je

44 346 390 25 ne cesse, dans ma correspondance avec vous, de vous mettre en

41 368 404 24 garde contre l’imbécile campagne qui consiste à faire du Nouveau

43 386 431 26 Monde le refuge et la Jérusalem nouvelle de "l’officier de carrière".)

43 409 400 24 Deux nouvelles étapes, deux moyens d’action se sont imposés avec

44 429 388 26 la prolongation indéfinis de la guerre et comme la conséquence

44 443 425 44 de l’union des Alliés. Les moyens vaudront exactement ce que vaudra

48 470 151 39 cette union. Les voici :

100 498 370 27 A.-      A l’appui du blocus, l’arme économique, ou la

49 522 410 25 politique des matières premières. Cette politique n’est pas et ne

46 563 405 39 domination. Le Président Wilson a pris soin, sagement de mettre

47 541 403 26 doit pas être une politique d’agression, une arme offensive et de
