480 640
193 21 50 27 - 10 -

42 49 423 42 organisées à l’avance de telle sort qu’elles puissent s’appliquer,

43 80 411 46 au besoin, comme les précédents, sans délai, si les trois autres

42 101 135 30 ont été inefficaces.

145 206 326 28 Ce sont là de très grands progrès en germe, - et qui

45 229 411 25 répondent au noble effort de négociation publique de M. le Prési-

44 252 406 23 dent Wilson. Dans mon désir de seconder, comme je le dois, c et

46 273 406 24 effort dont le monde entier, à commencer par mon pays, profitera,

45 294 423 26 je pense que vous pourriez peut-être communiquer confidentiellement

45 316 388 23 cette lettre à son ami, le Colonel House, dont je n’oublierai

46 334 424 29 jamais le cordial accueil à Austin, en 1911 et que j’ai été heureux

45 358 396 23 de revoir à Paris, depuis la guerre. En voici à tout hasard un

45 378 328 26 double exemplaire, car il lit très bien le français.

147 396 327 29 J’aurais aimé aussi, dans le cas où vous le jugeriez

45 420 415 27 utile et convenable, qu’il eût connaissance personnelle des appels

44 441 368 22 que je me suis permis de vous adresser en vue d’arrêter la

45 459 417 28 démocratie des Etats-Unis sur une pente où il est difficile que la

48 482 400 24 guerre ne l’entraîne pas. J’ai résumé mon inquiétude par cette

48 502 293 27 formule qui exprime la complexité du problème:

107 521 259 29 Mobilisez-vous, ne vous militarisez pas.

147 546 320 35 Si vous n’y prenez garde, les éléments militaristes

49 563 420 48 existant dans tous les pays, et se voyant discrédités pour longtemps
