480 640
241 19 41 28 - 9 -

55 49 412 39 courage de proclamer plus que jamais que la sanction de l’opinion

56 82 405 25 comporte tout d’abord l’éducation d’une opinion, affranchie de la

56 102 410 28 presse sensationnelle et que cette sanction ne peut pas, plus que

58 124 413 25 les autres, s’improviser.-. Et, s’il en est ainsi, préparons avec

58 146 380 26 d’autant plus de soin l’application des sanctions économiques

57 166 391 36 puisqu’elles dépendront du concours de l’opinion; elles feront

58 191 225 25 partie de l’éducation de l’opinion.

159 244 319 30 Quoiqu’il en soit, je m’étais abstenu d’entrer avec

59 269 404 29 vous, jusqu’ici, dans ces détails plus ou moins confidentiels et

60 293 403 25 forcément encore nuageux, parce que le Gouvernement n’avait rien

59 314 384 24 dit, mais le discours de Clémentel me permet de vous tenir au

59 331 416 29 courant et je termine en insistant bien nettement, au risque de me

60 356 410 25 répéter une fois de plus, sur les quatre degrés de sanctions dont

61 377 399 25 la société des Nations disposera pour prévenir la guerre et non

62 396 402 27 pas seulement pour punir ceux qui l’auront fomentée ou déclarée.

64 418 414 24 Ces quatre sortes de sanctions, positives, précises, et indépendam-

61 440 418 25 ment de la sanction supérieure mais pratiquement encore inexistante

62 460 329 24 de l’opinion ou de la conscience universelle, seront :

124 480 145 24 1°,-   diplomatiques -.

125 499 353 26 2°,- juridiques.-.     Celles-là, vous les connaisse

125 521 353 24 3°,- économiques :   blocus, refus des matières premières

62 541 393 34 nécessaires à l’Etat délinquant et réservées aux Etats fidèles.

125 562 317 44 4°,- militaires.-. Ces dernières assurées et
