480 640
223 16 46 33 - 11 -

53 78 391 29 et d’y faire l’illusion pour se refaire une virginité et revenir

54 51 418 35 en Europe, vont essayer, ils essayent déjà d’émigrer aux Etats-Unis

53 100 394 28 ensuite, avec une force nouvelle, prendre leur revanche dans le

55 121 416 28 vieux Monde. Ainsi le seul bénéfice de cette guerre si malheureuse

55 145 391 23 et si complètement inutile, serait perdu. Vous seriez, à votre

56 165 387 23 tour, les victimes du mal dont vous auriez voulu généreusement

55 209 86 27 là le danger.

56 186 397 27 sauver l’Europe. Ce serait par trop dérisoire et c’est pourtant

156 227 312 24 Tous les éléments de réaction dans le monde entier

57 248 375 24 ont souhaité la guerre pour se débarrasser des progrès de la

56 270 390 22 démocratie ; ayant échoué, ils vont essayer de militariser les

56 290 406 27 démocraties, et ce sera facile. C’est commencé. Nos officiers de

57 311 384 23 carrière, dans ma propre famille ne parlent que d’émigrer aux

58 333 402 24 Etats-Unis, après la guerre, parce qu’en Europe il n’y aura plus

57 354 401 25 rien à faire. Quand vos jeunes officiers arrivent en France, on

59 374 379 23 leur inocule le mépris de tout ce qui n’est pas "officier de

59 393 405 28 carrière" ; je vous l’ai écrit à propos de votre école d’aviation

60 415 404 25 d’Issoudun; on ne leur dit pas que nos généraux n’ont commencé à

61 436 396 23 résister victorieusement à l’agression allemande qu’à partir du

62 476 386 25 ment des troupes et des officiers de réserves ; que nos troupes

63 456 411 25 jour où, dès le mois de Septembre 1914, ils ont pu disposer large-

62 498 386 24 territoriales, nos hommes de quarante ans et quarante-cinq ans,

64 538 405 24 etc… ont pris la place de la soi-disant armée de choc du service

65 517 394 24 ingénieurs, professeurs, savants, cultivateurs, ouvriers, etc…

65 558 392 35 de trois ans, presque anéantie. On ne leur dit pas que c’est la
