960 1280
455 22 70 37 - 5 -

88 88 796 56 certes et avant tout que les misérables qui ont déclaré la guer-

92 178 763 47 ceux qui l’auront fomentée et exploitée, quels qu’ils soient.

94 138 769 49 re soient punis. Mais un châtiment devra suivre, en outre, pour

259 216 604 51 Si la guerre laisse les belligérants dans un état

92 258 787 50 de lassitude matérielle et morale telle qu’il n’y ait pas plus de

97 302 779 48 justice après qu’avant la guerre, le grand crime sera couvert et

96 343 301 50 par conséquent encouragé.

265 380 601 50 En Allemagne, il n’y aura pas de paix possible si,

93 425 735 48 par un misérables respect de scrupules dynastiques, le peuple

96 465 761 46 allemand doit conserver le Gouvernement qui l’a sacrifié folle-

97 506 757 44 ment en déclarant la guerre à ses voisins, s’il est condamné à

97 547 765 47 rester dans l’avenir un troupeau passif, indifféremment victime

94 626 750 47 en maintenant sur le trône allemand le Kronprinz maudit qu’ils

95 585 757 49 ou bourreau. Que nos alliés ne s’y trompent pas, ce n’est pas

97 668 737 45 soutiendront le prestige du régime impérial. La dynastie des

97 747 740 45 par des juges ; et de même celle des Habsbourg, celle du Tzar

102 705 735 50 Hohenzollern doit être condamnée moins par ses vainqueurs que

99 826 765 46 vront être prononcées non militairement, mais par le Tribunal de

100 787 769 46 de Bulgarie, du Sultan de Constantinople. Ces condamnations de-

103 904 754 46 Justice criminelle. Cette première sanction internationale ob-

104 865 767 46 La Haye, création du Tzar de Russie, transformé en haute cour de

102 943 741 47 tenue, la conscience publique, dans chacun des pays qui auront

103 981 716 45 souffert de la guerre, réclamera la seconde sanction d’ordre

104 1058 738 47 obstacle à l’œuvre normale de la paix pour exploiter l’œuvre

106 1020 721 46 intérieur ; c'est-à-dire le châtiment de quiconque aura fait

107 1095 289 50 monstrueuse de la guerre.
