960 1280
488 6 92 48 - 3 -

46 76 907 82 l’armée d'Orient, l'autre de notre flotte, l'autre du front pour

49 127 899 73 les mères, les sœurs, les femmes réunies autour des enfants. On

54 171 884 65 fêtait aussi mon fils qui a terminé brillamment ses épreuves et

54 225 820 60 qui, venu en permission, portait pour la première fois ses

55 271 862 60 insignes de pilote aviateur militaire, avant d'être envoyé sur

55 318 834 57 un avion de chasse, N££/££ieuport, pour affronter le duel déjà

54 367 882 61 classique, avion contre avion, soit le combat nouveau hydravion

52 412 282 54 contre sous-marin.

270 461 687 56 Les jeunes soldats amis de la maison se rencontrent

55 506 855 55 ou se succèdent dans leurs uniformes variés, qui en artilleur,

59 554 888 54 qui en fantassin, en cavalier ; et, avec eux, des jeunes gens dont

56 599 870 48 nous suivions les études, - (ceux qui ne sont pas disparus) quel-

59 642 845 52 ques-uns boiteux, malades, amputés mais tous gais, quand même,

67 684 256 47 comme auparavant.

82 761 817 50 surviennent, dînent, vont au théâtre avec la femme de chambre ou

274 723 655 48 A la cuisine nos anciens domestiques et nos blessés

85 803 655 44 la cuisinière, chacune leur tour, comme auparavant.

94 878 775 48 temps est beau et sec. Les petites voitures de fleurs du Midi

273 839 608 42 Tous sont étonnés de la gaieté des boulevards. Le

98 915 782 50 œillets, mimosas, violettes, sont rangées le long des trottoirs,

98 955 740 46 comme d'habitude ; elles s'entremêlent avec celles de fruits

97 994 747 48 d'Algérie, d'Amérique, des Antilles, oranges, bananes, dates,

97 1034 754 49 raisins, figues. La circulation est gênée. Les baraques du

103 1078 753 45 Jour de l'An se sont alignés et remplies comme à l'ordinaire ;

98 1116 810 48 pleines de jouets, d'articles de Paris, de nouveautés. Les fusils,

112 1160 790 52 les canons, les soldats articulés, les croix, font le bonheur des
