960 1280
404 39 198 60 LETTRE N° 160.

27 104 150 64 SÉNAT

611 107 299 56 PARIS, 12 Juillet 1916.

282 201 511 83 LE PARLEMENT FRANCAIS en COMITÉ SECRET.

496 305 212 42 Mon cher Butler,

95 473 813 50 depuis ce que nous appelions "la guerre", -comme s'il n'y avait

280 429 633 52 Pour la première fois, depuis quarante-trois ans,

97 518 804 49 pas d'autre guerre...., - pour la première fois depuis la fonda-

94 605 787 45 Comité Secret. La constitution, sagement, a/prévu pourtant ce

98 561 761 44 tion de la République en France, le Parlement a délibéré en

95 684 780 50 la présence et le contrôle du public et de la presse, étaient

98 645 821 51 secret, mais on craignait d'y recourir ; on pensait, à tort, que

94 727 778 56 une condition nécessaire de nos débats ; livrés à nous-mêmes,

95 771 770 48 n'allions-nous pas être sans frein, tomber dans l'anarchie ?

95 853 828 52 elle pourrait être funeste à notre régime parlementaire et "ache-

283 811 596 53 L'expérience était considérée comme redoutable ;

95 898 786 46 ver de le déconsidérer" disaient les adversaires du parlement.

91 980 784 52 mes collègues et ceux des journaux qui se déclaraient hostiles

98 939 795 47 Sollicitude bien suspecte à mes yeux, car la plupart de ceux de

97 1025 777 44 au Comité Secret obéissaient en réalité à leur défiance de la

97 1102 771 55 se sont trompés une fois de plus. Le comité Secr t s'est tenu

100 1064 789 49 démocratie. Ils sont obligés aujourd'hui de reconnaître qu'ils

101 1145 752 47 dans la plus parfaite correction : il a fait honneur à notre

4 1191 501 70 À Monsieur le Président N. Murray BUTLER.
