960 1280
456 23 88 32 - 5 -

117 55 775 80 longuement avec lui depuis la guerre. Je m'intéresse peu aux

119 115 763 54 réf/lexions de ceux de nos hommes d'élite qui ont eu besoin de

113 151 755 59 la guerre pour découvrir ce qu'ils nous accusent d'avoir com-

113 189 751 65 pris avant eux. Mais, j'ai lu parfois ou parcouru quelques-

117 232 754 63 uns de ses nombreux articles souvent très-brillants et pleins

117 273 754 63 d'idées personnelles ou non. Je m'attendais à son évolution.

110 314 743 64 Elle est venue plus complète, plus vite que je ne pensais, -

110 354 738 63 (Malgré les réserves qu'il doit à son public du Figaro, pour

116 400 751 57 ne pas trop détonner) et nous somme bien récompensés aujourd'

115 434 755 62 hui de lui avoir fait crédit. Ne manquez pas de le féliciter.

116 482 744 54 Il pourra dire de moi tout ce qu'il voudra, il dit comme moi,

116 516 641 57 c'est l'essentiel. Je ne lui en demandais pas tant.

261 561 628 58 Le voilà qui, maintenant, préconise à peu près tout

110 596 758 63 ce qu'on nous accusait de rêver quand nous voulions épargner à

115 638 765 63 la civilisation les hécatombes et les ruines qui la déshonorent

109 680 199 45 et la désolent.

257 718 591 62 Et aussi, réclame, comme jadis Léon Bourgeois à

115 756 749 62 La Haye, une "Société des Nations". Il réclame, comme Auguste

116 808 740 51 Lalance, une "Europe nouvelle". Il parle du "désarmement", de

116 845 737 55 "l'arbitrage" et enfin du point capital : "l'organisation de la

109 888 755 51 paix". Je crois m'entendre, il y a dix ans, quand il suffisait

115 924 698 50 de prévoir et de prévenir tout le sang qui coule à présent !

109 964 761 53 Il réclame, lui aussi, une institution internationale universel-

106 1002 751 54 le : les Etats-Généraux du monde, un parlement international, un

109 1043 734 58 parlement universel : que dis-je ? Un gouvernement universel,
