960 1280
432 30 84 41 - 9 -

92 74 790 63 des trains de marchandises et de munitions et de matériel d’ar-

98 126 757 54 tillerie : cela paraît normal ; la nation armée s’est fait sa

98 165 819 52 vie. Et cela partout, sur les voies ferrées, sur les routes, dans

100 204 790 54 les villes et dans les campagnes. De part et d’autres on se fait

95 249 797 49 place. Le militaire a compris l’utilité du civil qui le nourrit

96 291 748 50 et l’approvisionne, l’utilité de la femme et de l’enfant. Il

98 330 760 53 respecte ce dont il faisait au début bon marché. C’est ainsi

102 373 794 49 que dans nos pays de culture, les convois de troupes, de camions,

97 456 785 48 sans empiéter sur les champs et réciproquement, les récoltes é-

100 416 783 45 d’artillerie, d’autos-canons ou mitrailleurs, suivent les routes

103 497 810 48 tendant leurs  belles nappes verdoyantes ou déjà dorées jusqu’à la

104 539 783 47 route bien entretenue. On comprend que c’est le champ qui paie

104 579 783 45 l’entretien de la route et tout le reste. Il faut donc ména-

102 619 796 49 ger le champ. Tenons compte aussi de ce fait, tant de fois rele-

100 704 771 47 dats en France sont des cultivateurs : ils respectent la terre,

103 661 769 48 vé parce qu’il est très grave, que la grande majorité des sol-

104 745 227 48 leur terre sacrée.

109 825 768 46 sont observées, les quantités les besoins d’y faire exception, des

263 782 640 49 Même à proximité du front, des consignes très nettes

102 907 767 46 de champs d’exercices ou de manœuvres, on réserve expressément

106 866 780 46 mesures spéciales sont prises. A-t-on besoin, pour les troupes,

105 948 806 46 le terr ain nécessaire et on épargne les alentours. C’est ainsi

104 1017 787 62 chants opulents, de blé, d’orge, de seigle, d’avoine ou de maïs,

105 989 765 44 que nous voyons, au carrefour de plusieurs chemins bordant des

107 1068 737 47 de pommes de terre ou de betterave, un sentier porter cette

108 1107 807 50 indication, avec une flèche : Ecole des Grenadiers. Ou bien celle –

110 1137 725 62 ci : Cours d’obusiers. C’est au milieu de ces richesses, en

110 1190 780 59 prenant grand soin de n’y pas toucher, que l’armée procède à ses
