<?xml version="1.0" encoding="UTF-8"?>
<alto xmlns:xsi="http://www.w3.org/2001/XMLSchema-instance"
	  xmlns="http://www.loc.gov/standards/alto/ns-v4#"
	  xsi:schemaLocation="http://www.loc.gov/standards/alto/ns-v4# https://gitlab.inria.fr/scripta/escriptorium/-/raw/develop/app/escriptorium/static/alto-4-1-baselines.xsd">
  <Description>
	<MeasurementUnit>pixel</MeasurementUnit>
	<sourceImageInformation>
	  <fileName>P1150437.JPG</fileName>
	</sourceImageInformation>
  </Description>
  <Layout>
    <Page WIDTH="960" HEIGHT="1280" PHYSICAL_IMG_NR="8" ID="eSc_dummypage_">
      <PrintSpace HPOS="0" VPOS="0" WIDTH="960" HEIGHT="1280">
        
        <TextBlock ID="eSc_dummyblock_">
	      <TextLine ID="eSc_line_120619" BASELINE="195 98 568 111" HPOS="195" VPOS="75" WIDTH="373" HEIGHT="58">
            <Shape>
              <Polygon POINTS="195 98 196 87 212 75 230 81 241 77 246 82 250 80 258 90 263 86 274 92 286 84 291 88 297 83 306 89 317 83 339 92 351 92 373 83 384 92 393 87 397 92 412 92 418 98 428 91 453 92 456 96 472 91 485 91 489 96 505 91 523 95 544 82 553 85 557 81 567 91 568 111 565 128 555 121 542 126 533 118 517 130 446 128 435 133 432 129 422 133 415 127 365 126 360 130 348 127 341 130 326 125 273 124 265 129 262 125 245 125 234 114 208 125 196 120"/>
            </Shape>
	        <String CONTENT="2° LA DIPLOMATIE SECRETE €?€ " HPOS="195" VPOS="75" WIDTH="373" HEIGHT="58"></String>
          </TextLine>
        
        
	      <TextLine ID="eSc_line_120620" BASELINE="201 198 828 198" HPOS="201" VPOS="162" WIDTH="627" HEIGHT="58">
            <Shape>
              <Polygon POINTS="201 198 203 187 214 176 225 177 243 193 255 183 260 187 281 178 301 181 328 164 335 171 358 170 395 196 408 183 417 188 444 163 452 162 473 181 487 168 510 175 521 164 534 174 554 174 562 169 570 175 603 174 610 168 616 174 641 176 657 166 673 181 695 166 704 175 719 174 724 169 734 174 750 173 757 166 767 173 789 173 796 180 808 170 825 175 828 198 811 215 778 212 772 217 757 208 746 217 734 217 720 208 710 214 677 211 671 217 616 211 588 216 553 213 545 220 523 220 484 209 468 216 450 217 445 212 436 219 427 213 413 220 396 207 388 212 357 215 351 211 335 216 324 210 304 213 294 206 279 213 253 213 242 205 234 212 212 213 203 207"/>
            </Shape>
	        <String CONTENT="	Il est évident que la diplomatie secrète ne peut " HPOS="201" VPOS="162" WIDTH="627" HEIGHT="58"></String>
          </TextLine>
        
        
	      <TextLine ID="eSc_line_120622" BASELINE="10 284 838 283" HPOS="10" VPOS="255" WIDTH="828" HEIGHT="49">
            <Shape>
              <Polygon POINTS="10 284 13 274 22 267 46 273 69 261 98 278 133 266 144 272 152 270 163 278 177 269 189 274 227 267 238 275 268 271 281 280 294 270 304 275 311 272 330 276 361 258 377 270 398 256 404 260 413 257 426 266 441 266 473 282 491 283 525 258 568 262 576 259 589 266 598 259 616 257 650 257 661 261 697 257 712 266 727 255 739 262 766 258 777 266 806 256 838 283 821 300 746 300 735 293 724 299 691 300 683 304 663 298 614 301 600 294 587 302 542 297 535 302 513 302 492 288 473 301 455 303 367 298 294 302 282 296 274 301 252 298 245 302 216 295 209 300 185 300 167 292 157 299 138 302 109 300 99 293 89 299 37 298 22 303 12 296"/>
            </Shape>
	        <String CONTENT="cratie sont des mots inconciliables. Certes, on ne peut traiter " HPOS="10" VPOS="255" WIDTH="828" HEIGHT="49"></String>
          </TextLine>
        
        
	      <TextLine ID="eSc_line_120621" BASELINE="12 245 805 242" HPOS="12" VPOS="206" WIDTH="793" HEIGHT="61">
            <Shape>
              <Polygon POINTS="12 245 14 223 57 206 78 211 94 206 128 211 136 206 160 224 177 212 197 208 209 217 226 211 235 215 243 209 250 214 271 211 287 215 298 211 321 229 366 224 377 230 394 223 403 230 417 228 429 237 499 221 529 232 556 223 583 231 598 227 632 229 647 223 679 232 704 225 725 233 744 219 759 229 766 225 783 234 793 231 805 242 779 259 750 256 744 261 724 252 718 256 642 258 605 254 598 257 585 250 576 257 490 257 481 262 455 257 440 245 421 259 370 259 364 255 293 258 285 252 248 257 232 252 226 257 207 259 202 255 178 256 153 267 126 248 118 254 103 252 95 258 83 256 75 260 58 247 47 255 14 258"/>
            </Shape>
	        <String CONTENT="pas être celle d’une démocratie. Diplomatie secrète et démo-" HPOS="12" VPOS="206" WIDTH="793" HEIGHT="61"></String>
          </TextLine>
        
        
	      <TextLine ID="eSc_line_120623" BASELINE="12 330 784 327" HPOS="12" VPOS="299" WIDTH="772" HEIGHT="51">
            <Shape>
              <Polygon POINTS="12 330 14 320 26 316 32 320 56 319 62 324 76 315 103 324 129 311 153 319 168 317 181 326 197 317 205 321 249 315 257 320 276 312 294 324 317 312 336 317 348 326 378 313 392 314 401 321 410 315 432 321 443 313 461 326 494 301 518 306 526 301 536 309 549 299 564 301 584 315 601 316 610 323 624 312 642 317 679 316 684 312 709 323 722 315 734 313 741 317 746 313 784 327 781 339 771 347 762 342 718 347 709 340 655 345 635 336 619 341 611 335 601 343 527 340 480 345 462 336 453 343 427 341 421 345 355 343 347 337 338 344 318 345 296 338 288 344 271 344 267 348 251 344 229 350 219 345 192 349 180 343 78 345 60 335 44 345 23 345 14 339"/>
            </Shape>
	        <String CONTENT="sur la place publique les affaires extérieures d’aucun pays, " HPOS="12" VPOS="299" WIDTH="772" HEIGHT="51"></String>
          </TextLine>
        
        
	      <TextLine ID="eSc_line_120624" BASELINE="10 375 814 371" HPOS="10" VPOS="339" WIDTH="804" HEIGHT="58">
            <Shape>
              <Polygon POINTS="10 375 12 368 39 353 72 364 82 359 109 365 118 358 124 362 149 357 164 365 172 362 183 370 203 358 223 369 234 362 249 364 271 354 286 363 300 362 309 369 325 358 340 361 345 357 361 360 375 369 391 358 431 356 443 364 471 343 487 343 514 359 536 357 544 362 552 357 573 367 612 339 617 343 636 339 644 345 662 342 670 346 698 341 741 368 764 354 783 363 797 356 814 371 796 387 759 387 747 381 737 387 703 382 667 386 647 381 619 385 611 380 601 386 583 385 575 379 550 388 477 382 458 387 447 379 439 385 428 382 422 387 402 388 383 386 375 380 364 388 329 387 324 391 311 383 299 391 277 384 272 388 230 387 224 391 213 387 193 390 183 384 153 397 139 390 102 390 95 386 31 391 12 382"/>
            </Shape>
	        <String CONTENT="démocratique ou autre ; mais entre l’étalage et le secret, il y" HPOS="10" VPOS="339" WIDTH="804" HEIGHT="58"></String>
          </TextLine>
        
        
	      <TextLine ID="eSc_line_120625" BASELINE="15 421 826 411" HPOS="15" VPOS="384" WIDTH="811" HEIGHT="52">
            <Shape>
              <Polygon POINTS="15 421 17 412 24 407 40 413 65 403 82 415 121 393 139 406 151 406 172 419 200 401 222 411 235 401 247 408 273 400 287 401 310 413 330 402 354 404 373 398 392 406 410 400 432 410 449 397 468 404 477 400 484 404 523 400 543 412 569 397 580 405 586 402 595 406 623 385 636 389 644 384 659 388 675 385 698 402 716 401 725 395 736 399 745 391 753 393 775 384 826 411 806 430 799 425 777 425 766 430 746 425 711 426 703 431 691 425 625 433 599 422 580 429 526 425 510 434 497 427 457 428 441 422 426 433 414 428 393 433 368 427 362 431 349 428 333 432 296 432 288 428 250 436 224 426 214 434 197 432 180 419 160 433 149 435 135 431 92 434 84 430 77 434 54 434 45 429 26 433 18 427"/>
            </Shape>
	        <String CONTENT="a un abîme. Il faudra chercher, trouver, une organisation per-" HPOS="15" VPOS="384" WIDTH="811" HEIGHT="52"></String>
          </TextLine>
        
        
	      <TextLine ID="eSc_line_120626" BASELINE="19 463 801 450" HPOS="19" VPOS="426" WIDTH="782" HEIGHT="52">
            <Shape>
              <Polygon POINTS="19 463 25 451 43 451 54 443 85 448 106 444 123 457 136 448 152 447 158 442 170 451 175 448 182 452 200 442 205 446 225 440 256 449 261 444 284 457 302 443 307 447 321 443 337 445 349 452 362 442 388 452 400 443 413 442 438 449 448 440 470 439 487 452 507 438 522 450 543 440 560 451 598 426 625 434 633 429 650 431 660 427 680 430 713 451 722 451 738 440 755 442 771 438 801 450 797 464 785 468 735 469 722 463 712 471 695 466 680 470 639 467 618 468 603 475 564 462 554 471 524 467 499 471 490 465 470 471 411 473 390 465 366 474 349 466 340 473 296 474 288 469 275 478 266 471 244 476 227 472 172 476 150 471 136 476 122 471 111 477 27 477 21 472"/>
            </Shape>
	        <String CONTENT="mettant d’instituer, dans le domaine de la di plomatie, comme" HPOS="19" VPOS="426" WIDTH="782" HEIGHT="52"></String>
          </TextLine>
        
        
	      <TextLine ID="eSc_line_120627" BASELINE="24 509 838 496" HPOS="24" VPOS="469" WIDTH="814" HEIGHT="53">
            <Shape>
              <Polygon POINTS="24 509 26 495 32 493 51 493 60 499 79 489 93 494 101 491 112 499 129 488 143 491 155 485 176 497 193 486 220 485 237 496 249 487 261 487 275 496 292 485 320 491 335 483 347 488 359 483 374 494 401 480 407 484 439 480 454 489 478 476 506 495 531 480 552 493 561 486 571 489 589 482 609 484 637 469 660 469 667 473 677 469 699 483 705 478 726 483 733 479 741 485 753 486 760 481 775 485 791 480 806 484 818 481 838 496 825 508 810 511 776 508 751 512 735 507 670 513 657 504 641 513 617 508 560 512 550 507 522 512 512 507 501 515 484 509 420 512 413 517 406 512 379 513 374 509 368 513 306 517 287 514 276 507 253 518 238 510 219 518 189 518 178 513 131 520 121 520 113 514 105 519 87 516 69 520 61 515 36 522 26 515"/>
            </Shape>
	        <String CONTENT=" on l’a fait dans le domaine militaire, le contrôle parlementaire" HPOS="24" VPOS="469" WIDTH="814" HEIGHT="53"></String>
          </TextLine>
        
        
	      <TextLine ID="eSc_line_120628" BASELINE="24 553 811 538" HPOS="24" VPOS="509" WIDTH="787" HEIGHT="57">
            <Shape>
              <Polygon POINTS="24 553 27 537 34 532 43 536 52 529 62 535 88 530 96 536 112 538 132 528 156 534 173 546 201 531 222 534 241 529 255 531 265 538 272 533 284 534 290 528 298 532 316 528 331 532 343 527 364 536 378 528 420 531 427 526 436 530 448 522 458 530 475 526 488 536 507 521 511 523 517 518 524 523 535 514 550 510 584 531 597 523 613 525 624 533 635 524 645 530 672 523 687 533 696 526 717 521 735 525 759 509 780 525 807 521 811 538 808 549 793 553 696 552 685 545 676 551 654 550 637 556 620 550 596 554 587 549 567 554 558 551 548 555 500 555 488 549 478 556 452 553 437 559 406 552 394 557 383 554 373 560 357 553 331 559 320 555 286 556 279 561 264 555 226 560 190 559 185 555 179 559 172 555 167 559 147 556 134 562 58 560 45 566 26 558"/>
            </Shape>
	        <String CONTENT=" nécessaire. Aucun pouvoir personnel occulte ne peut s’exercer " HPOS="24" VPOS="509" WIDTH="787" HEIGHT="57"></String>
          </TextLine>
        
        
	      <TextLine ID="eSc_line_120629" BASELINE="25 590 795 579" HPOS="25" VPOS="561" WIDTH="770" HEIGHT="43">
            <Shape>
              <Polygon POINTS="25 590 27 580 44 574 63 578 70 574 92 584 113 573 118 577 131 576 142 584 162 575 233 577 267 573 288 584 314 569 328 578 342 568 359 575 386 568 398 572 407 565 429 569 436 564 463 579 487 564 494 569 506 569 519 563 530 570 540 567 551 575 569 561 587 574 609 563 617 568 622 564 635 574 654 563 673 568 698 566 707 573 731 564 753 568 770 563 795 579 775 592 731 587 722 594 710 588 699 596 678 591 645 593 637 588 630 594 603 594 592 589 585 595 575 595 563 590 551 598 542 594 499 594 491 598 465 591 453 597 440 597 424 591 418 596 401 595 396 599 341 599 329 593 323 598 301 601 293 596 281 602 263 597 245 601 187 599 181 604 165 600 156 604 148 599 114 602 92 597 83 603 43 604 27 599"/>
            </Shape>
	        <String CONTENT="dans une €diplomatie€, et engager la nation, à son insu ; c’est " HPOS="25" VPOS="561" WIDTH="770" HEIGHT="43"></String>
          </TextLine>
        
        
	      <TextLine ID="eSc_line_120630" BASELINE="143 566 270 566" HPOS="143" VPOS="556" WIDTH="127" HEIGHT="21">
            <Shape>
              <Polygon POINTS="143 566 149 557 172 556 190 561 220 558 224 562 235 557 268 558 270 566 262 566 250 576 233 577 151 577 145 571"/>
            </Shape>
	        <String CONTENT="££" HPOS="143" VPOS="556" WIDTH="127" HEIGHT="21"></String>
          </TextLine>
        
        
	      <TextLine ID="eSc_line_120631" BASELINE="24 635 841 620" HPOS="24" VPOS="602" WIDTH="817" HEIGHT="48">
            <Shape>
              <Polygon POINTS="24 635 26 626 41 615 75 619 81 614 92 618 172 612 207 629 231 611 239 610 252 615 263 610 276 610 285 616 305 612 318 621 326 615 348 616 353 611 364 618 384 608 401 620 431 603 439 609 454 609 458 605 467 611 479 611 486 606 495 611 501 607 514 611 521 606 535 606 552 617 566 608 572 611 587 607 595 612 642 608 654 602 683 617 706 604 744 606 764 614 776 605 787 607 795 602 802 607 815 603 841 620 823 633 786 634 773 630 761 638 740 632 714 635 686 628 674 638 638 633 607 638 580 633 575 637 551 630 543 636 521 634 503 640 491 632 481 639 402 636 386 642 364 632 335 644 315 634 282 646 256 636 230 642 209 632 193 644 157 643 150 648 137 641 125 645 55 645 45 650 27 644"/>
            </Shape>
	        <String CONTENT="inadmissible. Il faut que la nation soit consultée, sinon, bien " HPOS="24" VPOS="602" WIDTH="817" HEIGHT="48"></String>
          </TextLine>
        
        
	      <TextLine ID="eSc_line_120632" BASELINE="31 679 834 656" HPOS="31" VPOS="640" WIDTH="803" HEIGHT="51">
            <Shape>
              <Polygon POINTS="31 679 41 663 59 661 64 656 80 662 103 660 111 655 133 666 153 653 168 663 182 654 189 659 220 655 231 662 241 654 263 659 275 651 283 656 302 652 318 661 332 651 349 655 363 650 378 660 390 651 400 656 420 648 437 658 449 648 471 655 488 649 496 654 512 654 522 648 549 662 562 651 578 651 585 646 597 645 606 650 625 645 664 652 672 648 710 651 723 647 735 654 755 648 764 640 782 649 825 642 834 656 832 671 824 674 781 675 770 670 750 680 734 668 726 675 709 678 695 674 676 679 661 668 643 679 635 675 609 676 604 680 588 673 569 680 550 675 538 681 526 675 502 684 491 678 468 683 441 673 432 680 424 677 408 682 393 681 382 673 369 684 354 674 344 681 327 681 318 675 306 685 301 681 281 686 259 681 236 689 221 683 208 687 183 683 173 676 161 686 146 680 134 690 109 684 58 691 33 679"/>
            </Shape>
	        <String CONTENT="entendu, à tout propos et à tout instant, au moins avant qu’elle " HPOS="31" VPOS="640" WIDTH="803" HEIGHT="51"></String>
          </TextLine>
        
        
	      <TextLine ID="eSc_line_120633" BASELINE="33 714 826 702" HPOS="33" VPOS="684" WIDTH="793" HEIGHT="49">
            <Shape>
              <Polygon POINTS="33 714 43 701 76 698 94 702 99 697 119 701 138 690 150 692 162 701 170 697 182 704 198 692 329 699 337 693 345 695 357 686 370 695 378 690 398 697 422 696 443 686 479 707 504 688 516 690 528 699 541 691 557 694 576 689 584 693 591 688 598 693 629 690 640 695 648 689 673 687 686 696 705 686 726 690 730 687 738 692 748 684 756 690 796 690 808 686 826 702 813 713 793 718 785 713 772 713 730 719 687 711 677 717 652 718 639 710 627 718 614 717 608 721 600 721 590 713 569 721 563 717 532 716 500 719 488 711 473 721 440 719 429 729 419 722 401 724 368 716 361 722 343 724 226 723 205 725 199 730 185 721 176 726 164 723 134 727 123 719 115 725 77 729 64 726 47 733 35 724"/>
            </Shape>
	        <String CONTENT="puisse être définitivement engagée. Il faut que cet engagement " HPOS="33" VPOS="684" WIDTH="793" HEIGHT="49"></String>
          </TextLine>
        
        
	      <TextLine ID="eSc_line_120634" BASELINE="37 755 838 742" HPOS="37" VPOS="725" WIDTH="801" HEIGHT="49">
            <Shape>
              <Polygon POINTS="37 755 39 746 46 741 65 743 74 749 91 736 120 742 133 736 144 743 149 739 157 744 174 732 190 741 212 740 221 747 232 739 252 739 260 734 273 739 296 728 313 740 332 736 343 744 356 733 387 739 419 734 431 742 442 734 466 739 479 731 520 736 535 730 579 734 586 729 594 732 602 728 609 733 629 733 638 739 659 728 674 737 685 729 733 733 742 727 764 729 772 725 813 732 818 728 838 742 820 755 792 754 785 758 761 752 753 758 716 754 704 760 674 749 652 759 639 752 630 759 618 760 598 756 553 760 545 756 514 765 490 756 478 761 467 756 460 761 440 762 429 755 421 761 409 759 388 765 361 761 334 767 308 759 303 763 257 767 236 766 222 757 205 768 184 764 172 768 163 762 143 769 100 767 88 774 73 764 48 770 39 764"/>
            </Shape>
	        <String CONTENT="ne puisse être conclu en dehors de l’approbation et dans l’igno-" HPOS="37" VPOS="725" WIDTH="801" HEIGHT="49"></String>
          </TextLine>
        
        
	      <TextLine ID="eSc_line_120636" BASELINE="40 834 799 823" HPOS="40" VPOS="800" WIDTH="759" HEIGHT="54">
            <Shape>
              <Polygon POINTS="40 834 55 820 92 825 107 821 116 828 130 817 140 816 155 823 177 821 196 830 222 817 235 816 244 821 263 816 282 825 306 821 320 826 348 814 356 820 378 817 394 804 414 818 432 824 453 811 467 820 475 814 505 814 517 822 526 815 566 810 586 816 595 811 621 813 627 808 641 812 652 803 662 808 674 800 684 808 708 813 720 808 732 811 753 807 760 812 768 808 796 811 799 823 784 836 763 833 751 840 692 845 687 841 630 843 621 837 611 840 592 835 583 840 569 841 559 836 526 840 517 835 492 845 469 837 453 843 445 837 430 848 424 843 415 846 388 841 358 847 330 843 324 838 310 847 286 843 211 847 202 841 187 852 179 846 167 846 153 854 142 847 123 848 115 843 107 849 69 852 63 847 53 849 43 841"/>
            </Shape>
	        <String CONTENT="d’une autre, soumis au contrôle, à une sorte de referendum de " HPOS="40" VPOS="800" WIDTH="759" HEIGHT="54"></String>
          </TextLine>
        
        
	      <TextLine ID="eSc_line_120635" BASELINE="42 799 817 782" HPOS="42" VPOS="767" WIDTH="775" HEIGHT="53">
            <Shape>
              <Polygon POINTS="42 799 44 783 63 781 83 786 102 781 115 787 127 779 150 788 162 782 186 780 198 787 224 776 250 781 259 774 270 779 284 774 294 780 303 776 313 781 332 775 338 779 369 778 386 790 406 774 431 778 442 769 454 776 477 773 492 783 502 775 521 776 548 769 565 781 599 767 633 781 659 767 666 772 700 771 708 777 720 768 740 773 773 769 780 774 788 768 808 768 817 782 811 796 779 793 735 800 711 792 702 798 679 799 665 794 647 797 639 792 627 802 609 796 589 801 568 794 547 802 531 795 506 805 491 796 484 801 428 800 414 806 383 798 370 806 336 803 323 809 317 804 253 804 244 809 207 807 196 802 182 812 151 802 129 809 112 809 102 817 87 810 72 820 45 804"/>
            </Shape>
	        <String CONTENT="rance de ses représentants ; il faut qu’il soit, d’une façon ou " HPOS="42" VPOS="767" WIDTH="775" HEIGHT="53"></String>
          </TextLine>
        
        
	      <TextLine ID="eSc_line_120637" BASELINE="38 879 802 864" HPOS="38" VPOS="844" WIDTH="764" HEIGHT="47">
            <Shape>
              <Polygon POINTS="38 879 40 870 55 858 78 870 92 862 143 863 148 859 179 876 201 858 219 863 237 859 244 862 251 857 282 870 298 858 323 866 333 859 360 859 367 855 375 859 393 851 407 857 421 856 431 863 443 854 452 858 458 855 470 863 477 857 489 859 503 850 521 857 535 853 544 856 554 850 577 854 589 850 598 854 618 851 630 855 649 849 663 852 673 844 686 852 704 847 723 852 733 849 741 854 751 848 783 849 802 864 784 876 767 874 756 878 744 872 710 877 699 871 688 879 673 871 645 883 612 877 602 882 587 879 575 884 567 880 557 882 544 875 528 882 520 878 482 885 470 879 454 886 437 880 430 884 403 882 394 889 368 884 334 886 323 880 315 885 286 882 278 888 260 886 250 890 242 885 209 885 202 891 181 878 166 890 79 886 67 891 51 890 40 882"/>
            </Shape>
	        <String CONTENT="la nation. Certes, ce contrôle de notre diplomatie n’est pas " HPOS="38" VPOS="844" WIDTH="764" HEIGHT="47"></String>
          </TextLine>
        
        
	      <TextLine ID="eSc_line_120638" BASELINE="43 914 822 899" HPOS="43" VPOS="874" WIDTH="779" HEIGHT="68">
            <Shape>
              <Polygon POINTS="43 914 57 899 70 905 108 899 126 906 139 898 156 909 169 900 174 904 195 904 222 897 236 903 252 897 288 909 304 898 313 901 332 897 339 902 360 898 370 904 377 899 403 898 408 893 425 898 431 894 440 900 452 891 466 901 508 893 514 897 533 897 544 892 560 897 577 892 587 896 591 893 609 903 634 886 648 897 678 887 683 891 694 887 712 893 721 888 726 891 743 878 759 879 770 874 807 879 819 888 822 899 817 916 792 927 778 917 747 920 741 915 736 919 699 922 690 917 675 917 665 922 657 920 649 926 639 918 628 922 610 911 589 924 581 918 570 925 563 920 539 923 532 928 521 923 510 932 465 922 440 922 428 930 416 925 401 938 388 942 356 925 350 931 342 926 335 929 328 925 322 929 291 922 275 931 267 925 227 935 216 928 180 934 156 923 142 935 131 927 116 937 105 929 96 929 69 942 45 928"/>
            </Shape>
	        <String CONTENT="facile à concevoir, encore moins à organiser. Il faut pourtant " HPOS="43" VPOS="874" WIDTH="779" HEIGHT="68"></String>
          </TextLine>
        
        
	      <TextLine ID="eSc_line_120639" BASELINE="40 957 191 952" HPOS="40" VPOS="938" WIDTH="151" HEIGHT="44">
            <Shape>
              <Polygon POINTS="40 957 60 939 70 946 84 940 94 944 119 938 127 944 159 940 175 952 191 952 157 980 146 978 134 967 106 970 98 980 88 973 79 982 70 975 61 980 53 974 43 980"/>
            </Shape>
	        <String CONTENT="y arriver. " HPOS="40" VPOS="938" WIDTH="151" HEIGHT="44"></String>
          </TextLine>
        </TextBlock>
        
      </PrintSpace>
    </Page>
  </Layout>
</alto>
