960 1280
411 9 118 33 - 5 -

25 66 931 69 pour les uns, le plus petit nombre, cesser de vivre en privilégiés

22 117 904 55 pour les autres se remettre au travail, sous un déluge d'impôts

24 162 927 57 à payer. Heureusement la nature veut vivre et tout, à la longue,

25 214 907 47 se réparera, s'arrangera, tant bien que mal. Quoiqu'il arrive,

27 261 911 47 Paris sera difficilement plus en train que pendant ces fêtes du

24 312 225 42 Jour de l'An.

241 354 700 45 Et notez bien que toute cette gaieté n'empêche pas

25 407 932 40 les gens de penser ; au contraire, mais on ne se fait pas d'illu-

28 455 882 42 sions ; on parle, sans grand espoir, des ouvertures de paix du

31 499 925 48 Président Wilson ; on se félicite de voir le Général Joffre, honoré

34 546 907 46 et récompensé, faire place à des généraux plus jeunes. On se dit

33 633 888 48 recommence plus terribleXXXX encore ; - on se dit tout cela et on

42 589 884 52 qu'il ne faut pas faiblir de peur que la guerre, mal achevée, ne

52 674 847 56 vit, parce qu'il faut vivre pour ceux qui viendront après nous.

395 731 382 45 Votre affectueusement dévoué,

431 766 485 61 ££ ££ ££

16 806 886 81 S, -  	Encore un symptôme à noter de la reprise des habitudes :

77 855 792 43 une dizaine de sièges sur quarante, sont devenus vacants, par

82 871 832 44 décès, à l'Académie Française. Les candidats affluent pour ne pas

85 892 802 43 manquer cette aubaine inouïe ; et c'est à qui, dans les discours,

86 933 810 40 les vertus de la réaction, flétrira les faiblesses de la Républi-

88 909 833 46 dans les journaux encensera les académiciens survivants, célébrera

88 954 805 40 que, du socialisme et du pacifisme. Ne nommons personne, mais ce

89 1018 430 50 les seuls qu'on lise à l'étranger.

91 968 820 47 petit fait contribue à vous expliquer la recrudescence de sévérité

91 993 783 41 qui se fait sentir contre nos idées dans les journaux mondains,

4 1236 506 43 à Monsieur le Président N.Murray BUTLER.
