960 1280
457 33 100 41 - 11 -

76 98 825 48 ce rêve de détruire XXXXXXXXX leur pays ; c’est un prétexte qu’ils

76 141 828 47 invoquent pour détruire réellement une partie du nôtre. Enfin, là

79 185 787 44 où ils ne sont pas, tout reste beau, tout reste riche. Je suis

80 228 747 45 allé, plus d’une fois, chez moi dans la Sarthe, en Bretagne où

626 218 34 30 et

82 266 786 45 sont mes enfants pour quelques semaines. C’est à ne pas croire

83 309 805 45 que nous sommes en guerre. Là aussi, et à plus forte raison, les

83 348 771 45 foins ont été coupés, séchés, rentrés, dans les conditions les

84 393 801 44 meilleures ; les blés un peu gâtés par la pluie du printemps n’en

83 437 775 40 sont pas moins déjà rangés en gerbes et en meules. On commence

83 474 740 45 à les battre ; la splendeur d’un été brûlant a mûri les épis

85 559 780 40 nes ronflent comme à l’ordinaire dans tout le pays. On trouve,

86 516 778 44 plus rares mais plus gros que d’habitude. Les premières machi-

90 596 765 45 je ne sais comment, la main-d’œuvre. C’est une pitié, il est

89 640 775 45 vrai, de voir les enfants chargés de responsabilités et de tra-

90 681 775 43 vaux bien au-dessus de leur âge ; je vois un garçon de neuf ans

89 722 777 43 conduisant chaque jour au grand trot la carriole de ses parents,

92 760 756 47 descendant les côtes à faire frémir, pour lui, pour le cheval,

92 840 798 48 heureusement, des permissionnaires travaillent. A Clermont-Créans

93 801 790 45 pour les passants…. C’est ainsi partout. Dans bien des fermes,

92 885 776 41 nous avons depuis longtemps un détachement de chasseurs à pieds :

92 923 777 44 c’est un continuel va-et-vient. Ils viennent de Mamers, puis du

93 962 744 46 Mans, où ils se sont exercés au maniement individuel de la mi-

97 1001 773 49 trailleuse et de la grenade ; puis attendent leur tour de départ

97 1042 766 44 pour le front. Chaque semaine, le Vendredi, on en voit une cin-

92 1118 750 60 les remplacent. Ainsi le front s’alimente régulièrement d’une

96 1082 770 45 quantaine prendre le train à La Flèche ; et le lendemain d’autres
