960 1280
25 124 161 59 SÉNAT

391 88 190 51 LETTRE N°203.

555 175 304 53 PARIS, 29 Décembre 1916.

234 255 459 56 LES FETES du JOUR de l’AN à PARIS .

249 308 385 55 CANDIDATURES ACADÉMIQUES .

505 421 205 38 Mon cher Butler,

295 514 598 47 Voici de nouveau des fêtes de la Noël et du Jour

101 559 797 48 de l'An à Paris. Si on ne rencontrait, à tout instant, dans les

98 683 798 49 nous sommes encore en guerre. C'est à ne pas le croire. Je ne

100 644 808 50 des/soldats et des officiers blessés ou mutilés, on oublierait que

106 601 783 46 rues, dans les tramways et le métro, des femmes en grand deuil,

98 726 764 49 sais pas trop ce qu'en pensent les soldats au front, dans les

113 770 552 42 tranchées et dans la boue, mais c'est ainsi.

116 839 770 48 on y donne surtout des pièces gaies. J'y suis allée avec mes en-

283 799 647 51 Le soir et les après-midis, les théâtres sont combles ;

119 878 756 43 fants, neveux, nièces réunis à Paris, comme à l'ordinaire. On

124 913 774 41 rit, on s'amuse franchement. Les pièces comiques n'ont jamais eu

130 979 766 41 de chez Maxim. Les acteurs, les musiciens, chanteurs, chanteuses,

131 946 756 41 tant de succès, depuis le Bourgeois Gentilhomme jusqu'à la Dame

137 1012 737 45 danseuses, figurantes et figurants vivent je ne sais pas quel mi-

138 1048 738 41 racle de maigres salaires, rentrent chez eux, je ne sais comment :

145 1113 749 43 on n'en joue pas moins joyeusement. Les concerts réorganisés sont,

144 1081 731 40 trop tard le plus souvent pour trouver un moyen de locomotion ;

85 1177 447 47 à Monsieur le Président N.Murray BUTLER.
