1920 2560
891 36 145 72 - 7. -

189 160 1530 138 jardin de Candide. Il ne peut être indifférent, - et il ne

187 260 1624 124 peut plus gouverner. Son rôle se borne donc à critiquer ou à

187 358 1519 115 attaquer ses successeurs, à morigéner ses contemporain€e€s.

187 452 344 94 Rôle ingrat.

588 556 1140 88 S'il avait vécu plus longtemps, gardant les

192 642 1514 94 facultés de sa jeunesse, peut-être le Président Roosevelt

204 723 1602 96 eût-il oublier les inimitiés que son ardeur prolongée et

198 821 1562 92 accumulée li avait suscitées ; peut-être eût-il recommencé

204 900 1558 92 une vie, comme Clémenceau ? comme Gladstone ? Quoiqu'il en

194 998 1617 83 soit, les Américains peuvent être fiers et reconnaissants des

213 1081 1643 100 services qu'il leur a rendus et à l'intérieur et à l'extérieur ;

215 1166 1549 92 la France ne pourra jamais oublier la part qu'il €a€prise dans

219 1260 1506 94 ses épreuves et dans sa victoire ; l'Humanité inscrira son

215 1346 896 98 nom parmi ceux de ses bienfaiteurs.

896 1486 738 131 Votre affectueusement dévoué,

945 1657 251 111 ££

6 1896 1141 149 Monsieur le Président Nicholas Murray BUTLER,

480 2007 283 109 NEW-YORK.
