1920 2560
817 29 117 90 - 5 -

622 172 1078 122 Il a poursuivi le développement de son pays

221 264 1541 117 dans la paix. Mais ce programme n'a pas été pour lui, comme

230 347 1600 120 pour tant d'autres, un mot. L'assainissement moral et matériel

217 441 1517 109 des Etats-Un/is a été son but précis, bien arrêté, son pro-

234 533 1526 98 gramme d'action. Et, pour appliquer ce programme, il a com-

241 618 1442 100 mencé par l'essentiel, par le plus difficile, ce que peut

238 695 1479 105 seul faire un homme de bien ; il€s€ s'est en€t€ouré des meil-

230 785 1557 100 leurs hommes qui fûssent à sa portée, à commencer par l'admi-

232 876 1493 96 rable John HAY, par Elihu ROOT, par TAFT, et aussi par tous

230 955 1574 105 ces jeunes qu'il était si fier de nous présenter, à la Maison

238 1030 1434 111 Blanche, sous ce beau nom : "mes âmes blanches". Des âmes

249 1132 1461 94 qu'il avait chargées de la régénérations et du salut de son

243 1209 1508 98 pays ; l'éducation, l'hygiène, le reboisement, l'irrigation,

1041 1267 761 64 ££ ££ ££ ££ ££ ££ ££ ££ ££

251 1301 1528 94 la remise en état de vos fleuves, la construction des routes,

241 1386 1495 100 la mise en valeur enfin de tant de richesses compromises ou

258 1474 239 91 négligées.

610 1523 1056 119 Le repos fut le grand ennemi du Président

247 1629 1549 99 Roosevelt. Il n'était pas capable de repos. Quand il quitta

253 1710 1524 103 la Présidence, il était trop jeune, trop vigoureux pour être

275 1789 1450 101 inactif ; trop sensible pour rester spectateur indifférent

264 1883 1523 90 de la conduite de ses successeurs. Il commença par se lancer

258 1962 1551 92 dans le continent africain. Je ne sais trop si la vie intense

283 2045 1496 90 qu'il y mena et ses chasses retentissantes au lion, à l'élé-

283 2120 1462 94 phant, furent compatibles avec les méditations qui devaient

273 2201 1523 128 être le fruit de mon expérience du pouvoir et de sa retraite ;
