1920 2560
1004 64 120 100 - 2 -

337 215 1391 124 Washington à bicyclette, parmi les voitures, les passants,

328 307 1481 113 bravant à plaisir les obstacles. Le danger les charmait ; ils

320 396 977 105 étaient déjà préparés à donner leur vie.

680 631 1154 102 Le Président Roosevelt était la générosité même,

332 712 1364 102 le représentant de l'idéalisme américain. Il a rendu non

320 802 1403 89 seulement les Etats-Unis, mais au Monde des services qu'il

320 878 1499 96 faut faire connaître, pour l'honneur de votre pays et de l'hu-

322 960 1455 91 manité. En 1902, le Monde était bien incertain. On commen-

337 1038 1354 92 çait à parler sérieusement de la paix, à vouloir la paix.

320 1115 1531 98 C'était au lendemain de votre guerre avec l'Espagne et celle

322 1198 1457 90 du Transwaal. L'opinion se lassait de ces vieux moyens bar-

337 1273 1437 100 bares de régler par la force les conflits entre les peuples ;

343 1354 1397 107 elle ne demandait qu'à faire bon accueil au progrès nouveau

328 1431 1395 98 de l'arbitrage organisé. Mais, à n'entendre que la presse

343 1514 1353 98 officieuse et les chancelleries, la Conférence de La Haye,

339 1585 1408 106 tenue en 1899, avait échoué, semblait-il ; les Gouvernements

341 1666 1401 98 la tenaient pour non avenue ; la Cour d'Arbitrage n'existait

349 1747 1396 100 que sur le papier ; nul ne voulait y faire appel ; elle était

345 1819 1415 107 déclarée mort-née. Le Président Roosevelt eut le courage de

332 1896 1428 111 se distinguer de€é€tous les c€h€efs de Gouvernement en la faisant

337 1966 1416 114 vivre et en la réhabilitant. C'est lui qui, le premier, osa

334 2041 1381 124 montrer aux Etats récalcitrants le chemin de la justice, et

343 2120 1440 122 il eut d'autant plus de mérite qu'il aurait pu constituer €aux€
