1920 2560
857 59 120 60 - 5 -

317 177 1372 111 l’injustice. Mais en ce moment ses boutades de polémiste

311 283 1353 83 peuvent indisposer nos amis, jeter le trouble dans leurs

309 364 1404 79 esprits, les détourner du but de conciliation et de sacri-

313 443 1427 81 fice qui doit être le leur et le nôtre. N’oublions pas que

300 526 1428 79 les Gouvernements des grands Etats ne sont que trop enclins

302 599 1362 87 à dominer ou à ignorer les petits. Cela est si vrai,- je

311 680 1348 83 vous le dis pour rétablir l’équilibre,- que Ll€oy€d George

302 765 1315 84 et le Président Wilson, plus politique qu’on ne pense,

313 846 1406 79 laissent volontiers Clemenceau assumer pour eux l’impopula-

313 921 1308 85 rité d’un impérialisme qui ne peut être, chez nous, que

302 998 1419 96 d’apparence, tandis qu’il serait chez eux autrement profond.

292 1068 1293 98 Les deux orgueils, anglais et américain, sont, en fait,

313 1149 1453 105 beaucoup plus durs pour les petits Etats que l’intransigeance

285 1230 1359 94 verbale de Clemenceau. Il est plus éloigné d’eux, sur ce

298 1314 1374 89 point, que de Bourgeois. Et c’est pourquoi je voudrais le

290 1390 1297 94 voir, plus habile, rallier autour de la France tous les

294 1463 1367 98 peuples faibles dont la cause est par excellence, comme la

296 1542 1395 109 nôtre, celle du Droit. Ce serait le plus sûr moyen de nous

294 1610 1060 98 assurer et de conserver le respect des grands.

893 1745 685 117 Votre affectueusement dévoué,

91 1979 1078 98 à Monsieur le Président Nicholas Murray BUTLER,

578 2067 187 91 NEW-YORK.

89 2214 226 100 1 annexe.
