1920 2560
890 281 149 61 - 3 -

358 353 1395 142 d’être criminel, il veut faire de Dieu son complice ; un de ces

353 432 1377 126 jours, il nous dira qui n’est pas responsable puisqu’il s’en

349 507 1368 133 était remis à la volonté de Dieu…… ; Dieu se sera trompé,

350 588 1426 133 voilà tout. En réalité, la religion de Guillaume II est, au fond,

353 659 1419 125 inférieure à celle de tous les conquérants, c’est la religion de

346 740 1413 121 son ambition ; mais c’est un conquérant inférieur par la bassesse

343 812 1384 119 des comédies qu’il donne. ALEXANDRE le GRAND ne dai-

334 960 1388 126 comédie : il enfermait le pape et faisait la guerre ouvertement,

345 885 1380 119 gnait même pas rentrer en Grèce. Napoléon Ier ne jouait pas la

337 1038 1412 114 en se flattant de continuer l’œuvre de la Révolution contre les

336 1109 1379 121 ennemis de la France ; il ne parlait ni de Dieu ni de la paix :

332 1183 1392 116 il comptait sur sa volonté à lui, et n’engageait que sa respon-

332 1254 1377 125 sabilité. Guillaume II, au contraire, chante à la fois la paix

323 1334 1349 120 et la guerre. Quand les choses tournent bien pour lui, il est

324 1406 1388 122 JUPITER lui-même ; si elles tournent mal, il pleurniche. Il a re-

310 1546 1404 127 il le mobilise ; il le fait parler pour lui : c’est son esclave !

320 1476 1381 129 cours à Dieu ; il l’invoque à son service et non pour le servir ;

310 1625 1412 126 et il l’implore !..... Et c’est ici que l’on peut mesurer le trou-

308 1703 1391 108 ble mental de l’empereur et le désarroi de son Gouvernement. Ce

295 1837 1387 119 ble. €€ C’est l’effondrement pro-

297 1771 1402 115 désarroi n’est pas encore complet, mais il est déjà très sensi-

302 1922 1380 109 chain du militarisme allemand. Comment en serait-il autrement ?

295 2062 1338 112 tandis que nous, Français, avons reconquis une part de nos ré-

308 1996 1349 106 Voir les anglais implacablement progresser sur Ypres, sur Lens,

291 2133 1366 116 gions occupées, sur la Somme et l’Aisne ; voir Verdun non seule-

284 2207 1391 113 ment résister, mais répondre aux armées du Kronprinz par des at-

291 2282 1394 101 taques victorieuses ; voir les Italiens habilement menacer et cre-

279 2350 1385 107 ver la ligne des autrichiens ; voir les roumains et les russes se
