1920 2560
286 330 1425 134 se reprendre et immobiliser, en tous cas, les forces allemandes ;

849 255 153 65 - 4 -

279 487 1411 113 du Pacifique et de l’Extrême-Orient ; voir les colonies, les in-

282 414 1423 116 voir les japonais et la Chine et l’Australie chasser l’Allemagne

282 568 1427 107 nombrables marches et le crédit de l’Allemagne perdus, dans tou-

284 644 1434 105 tes les parties du monde, à mesure qu’augmente sa dette intérieu-

276 724 1438 101 re ; voir la Grèce venizéliste passer dans notre camp ; voir la fa-

263 800 1448 98 meuse campagne des sous-marins allemands tourner à l’impuissance ;

268 873 1436 101 voir les vaisseaux américains débarquer tranquillement, comme je

269 948 1416 100 viens de le voir, leurs jeunes troupes à Saint Nazaire ; - voir,

270 1023 1384 97 enfin, tous les pays de la terre, en état de légitime défense,

269 1098 1359 91 s’unir contre l’Empire Allemand et se multiplier comme si la

268 1174 1422 89 guerre commençait seulement…..Certes, c’est là, comme vous le

268 1249 1428 93 disiez nettement, le 31 mars, dans la conclusion de votre exposé

259 1398 1385 86 la DOTATION CARNEGIE de 1917, - c’est là le commencement de la

268 1327 1411 85 de la situation de notre Conciliation, pour le "YEAR BOOK" de

262 1475 1414 88 fin…… Mais ce n’est pas tout. Je relève un autre symptôme de

262 1550 1433 84 ce commencement de la fin, ce sont les blasphèmes de Guillaume II.

252 1700 1411 78 nant dans l’invocation ; il proclame son espoir en ce Dieu qu’il

254 1620 1432 88 Réduit, de crime en crime à l’imbécillité, il se réfugie mainte-

254 1772 1404 82 a profané….. Bientôt, il n’espèrera plus rien que des mira-

241 1847 1412 80 cles….. En attendant, il l’invoque pour l’aider à tromper jus-

249 1918 1359 83 qu’au bout son peuple. Ce Dieu, qu’il avait osé prendre comme

236 1996 1438 74 arme offensive, n’est plus, pour lui, qu’un bouclier derrière le-

238 2065 1432 77 quel il cherche à s’abriter ! Il ne commande plus, il implore ; il

238 2141 1428 74 marmotte, comme une vieille bigote, mais publiquement, devant son

234 2208 1429 79 armée, sacrifiée par lui, et son peuple en deuil, des prières at-

227 2283 1434 76 tendries : il est humble ; il ne compte plus que sur le secours de
