<?xml version="1.0" encoding="UTF-8"?>
<alto xmlns:xsi="http://www.w3.org/2001/XMLSchema-instance"
      xmlns="http://www.loc.gov/standards/alto/ns-v4#"
      xsi:schemaLocation="http://www.loc.gov/standards/alto/ns-v4# http://www.loc.gov/standards/alto/v4/alto-4-2.xsd">
  <Description>
    <MeasurementUnit>pixel</MeasurementUnit>
    <sourceImageInformation>
      <fileName>FRAD072_12J387_lettre0555_003.jpg</fileName>
      
    </sourceImageInformation>
  </Description>
  
  <Layout>
    <Page WIDTH="1734"
          HEIGHT="2197"
          PHYSICAL_IMG_NR="9"
          ID="eSc_dummypage_">
      <PrintSpace HPOS="0"
                  VPOS="0"
                  WIDTH="1734"
                  HEIGHT="2197">
        

        
        <TextBlock ID="eSc_dummyblock_">
          
          
          <TextLine ID="eSc_line_d962b63b"
                    
                    BASELINE="822 205 932 201" 
                    HPOS="820.0"
                    VPOS="172.0"
                    WIDTH="112.0"
                    HEIGHT="55.0">
            <Shape><Polygon POINTS="822 205 822 227 930 227 932 201 928 175 820 172 822 205"/></Shape>
	    <String CONTENT="- 3 -"
                    HPOS="820.0"
                    VPOS="172.0"
                    WIDTH="112.0"
                    HEIGHT="55.0"></String>
          </TextLine>

          
          
          <TextLine ID="eSc_line_d82ff2cf"
                    
                    BASELINE="307 331 1008 335" 
                    HPOS="305.0"
                    VPOS="303.0"
                    WIDTH="703.0"
                    HEIGHT="55.0">
            <Shape><Polygon POINTS="307 331 305 358 1007 355 1008 335 1007 303 307 303 307 331"/></Shape>
	    <String CONTENT="en équilibre.... tant bien que mal."
                    HPOS="305.0"
                    VPOS="303.0"
                    WIDTH="703.0"
                    HEIGHT="55.0"></String>
          </TextLine>

          
          
          <TextLine ID="eSc_line_44afc6d0"
                    
                    BASELINE="307 461 1673 466" 
                    HPOS="307.0"
                    VPOS="428.0"
                    WIDTH="1366.0"
                    HEIGHT="64.0">
            <Shape><Polygon POINTS="307 461 307 492 1671 490 1673 466 1671 432 1576 441 1441 432 1433 432 1431 432 1420 432 1241 441 1208 432 1199 430 1197 430 1195 430 1182 432 1153 439 1126 432 1115 430 1113 430 999 430 997 430 996 430 994 430 990 433 981 441 765 441 728 433 693 428 692 428 690 428 675 433 664 439 518 439 510 433 501 428 499 428 498 428 496 428 494 428 477 433 466 437 307 435 307 461"/></Shape>
	    <String CONTENT="WASHINGTON&quot;, nous annonçait, par radio, que le Président WILSON allait"
                    HPOS="307.0"
                    VPOS="428.0"
                    WIDTH="1366.0"
                    HEIGHT="64.0"></String>
          </TextLine>

          
          
          <TextLine ID="eSc_line_0b833aec"
                    
                    BASELINE="525 395 1505 400" 
                    HPOS="523.0"
                    VPOS="367.0"
                    WIDTH="982.0"
                    HEIGHT="65.0">
            <Shape><Polygon POINTS="525 395 523 417 862 430 864 430 1116 422 1179 432 1181 432 1503 422 1505 400 1503 367 525 367 525 395"/></Shape>
	    <String CONTENT="Vers la même heure, le grand paquebot, &quot;le GEORGE"
                    HPOS="523.0"
                    VPOS="367.0"
                    WIDTH="982.0"
                    HEIGHT="65.0"></String>
          </TextLine>

          
          
          <TextLine ID="eSc_line_dcaafcec"
                    
                    BASELINE="307 529 1638 532" 
                    HPOS="307.0"
                    VPOS="505.0"
                    WIDTH="1331.0"
                    HEIGHT="53.0">
            <Shape><Polygon POINTS="307 529 307 558 1636 554 1638 532 1636 505 307 505 307 529"/></Shape>
	    <String CONTENT="prendre la parole, à son bord, pour adresser à son entourage et aux"
                    HPOS="307.0"
                    VPOS="505.0"
                    WIDTH="1331.0"
                    HEIGHT="53.0"></String>
          </TextLine>

          
          
          <TextLine ID="eSc_line_3b6cd870"
                    
                    BASELINE="309 596 1686 604" 
                    HPOS="307.0"
                    VPOS="571.0"
                    WIDTH="1379.0"
                    HEIGHT="53.0">
            <Shape><Polygon POINTS="309 596 307 616 1682 624 1686 604 1684 576 309 571 309 596"/></Shape>
	    <String CONTENT="troupes américaines qui l’accompagnaient un message que nous pourrions"
                    HPOS="307.0"
                    VPOS="571.0"
                    WIDTH="1379.0"
                    HEIGHT="53.0"></String>
          </TextLine>

          
          
          <TextLine ID="eSc_line_48b9e38c"
                    
                    BASELINE="305 659 1316 668" 
                    HPOS="303.0"
                    VPOS="635.0"
                    WIDTH="1013.0"
                    HEIGHT="62.0">
            <Shape><Polygon POINTS="305 659 303 688 1312 697 1316 668 1316 640 305 635 305 659"/></Shape>
	    <String CONTENT="peut-être entendre par la téléphonie sans fil......"
                    HPOS="303.0"
                    VPOS="635.0"
                    WIDTH="1013.0"
                    HEIGHT="62.0"></String>
          </TextLine>

          
          
          <TextLine ID="eSc_line_8badce71"
                    
                    BASELINE="307 789 1673 803" 
                    HPOS="305.0"
                    VPOS="763.0"
                    WIDTH="1368.0"
                    HEIGHT="68.0">
            <Shape><Polygon POINTS="307 789 305 818 1669 831 1673 803 1673 779 307 763 307 789"/></Shape>
	    <String CONTENT="faisait savoir qu’il achevait sa première traversée de l&#39;Atlantique..."
                    HPOS="305.0"
                    VPOS="763.0"
                    WIDTH="1368.0"
                    HEIGHT="68.0"></String>
          </TextLine>

          
          
          <TextLine ID="eSc_line_369965b9"
                    
                    BASELINE="523 725 1638 734" 
                    HPOS="521.0"
                    VPOS="699.0"
                    WIDTH="1117.0"
                    HEIGHT="57.0">
            <Shape><Polygon POINTS="523 725 521 746 1635 756 1638 734 1636 704 523 699 523 725"/></Shape>
	    <String CONTENT="Et xxx un dirigeable anglais, passant plus au nord, nous"
                    HPOS="521.0"
                    VPOS="699.0"
                    WIDTH="1117.0"
                    HEIGHT="57.0"></String>
          </TextLine>

          
          
          <TextLine ID="eSc_line_d8506354"
                    
                    BASELINE="303 858 1627 865" 
                    HPOS="302.0"
                    VPOS="825.0"
                    WIDTH="1325.0"
                    HEIGHT="77.0">
            <Shape><Polygon POINTS="303 858 302 878 369 895 371 895 463 884 635 900 637 902 796 902 796 900 798 900 827 886 829 884 831 886 847 895 849 895 851 895 853 895 855 895 884 886 886 886 913 895 915 895 917 895 919 895 921 895 932 886 933 884 942 886 966 893 968 893 970 893 1023 887 1054 884 1069 887 1085 893 1087 893 1089 893 1113 887 1131 884 1149 889 1166 893 1168 893 1170 893 1171 893 1181 889 1193 884 1624 893 1627 865 1625 840 849 829 847 829 805 831 648 836 498 827 492 827 490 827 487 827 355 834 303 825 303 858"/></Shape>
	    <String CONTENT="n’ayant pas mis beaucoup plus d’heures que nous de jours en bateau,"
                    HPOS="302.0"
                    VPOS="825.0"
                    WIDTH="1325.0"
                    HEIGHT="77.0"></String>
          </TextLine>

          
          
          <TextLine ID="eSc_line_18aaabe7"
                    
                    BASELINE="303 926 655 926" 
                    HPOS="303.0"
                    VPOS="902.0"
                    WIDTH="352.0"
                    HEIGHT="75.0">
            <Shape><Polygon POINTS="303 926 303 955 428 955 441 963 459 977 461 977 463 977 465 977 655 974 655 926 655 902 303 902 303 926"/></Shape>
	    <String CONTENT="pour l’accomplir."
                    HPOS="303.0"
                    VPOS="902.0"
                    WIDTH="352.0"
                    HEIGHT="75.0"></String>
          </TextLine>

          
          
          <TextLine ID="eSc_line_a3b668a9"
                    
                    BASELINE="520 990 1404 995" 
                    HPOS="518.0"
                    VPOS="963.0"
                    WIDTH="886.0"
                    HEIGHT="65.0">
            <Shape><Polygon POINTS="520 990 518 1027 673 1028 675 1028 677 1028 688 1025 726 1010 739 1021 739 1023 741 1023 743 1023 745 1023 747 1023 783 1012 845 1021 858 1023 860 1023 908 1021 1054 1012 1166 1016 1376 1025 1378 1025 1380 1025 1402 1012 1404 995 1402 972 520 963 520 990"/></Shape>
	    <String CONTENT="A quand ma prochaine traversée en aéroplane?"
                    HPOS="518.0"
                    VPOS="963.0"
                    WIDTH="886.0"
                    HEIGHT="65.0"></String>
          </TextLine>

          
          
          <TextLine ID="eSc_line_22c70a2f"
                    
                    BASELINE="302 1120 1554 1129" 
                    HPOS="300.0"
                    VPOS="1093.0"
                    WIDTH="1254.0"
                    HEIGHT="73.0">
            <Shape><Polygon POINTS="302 1120 300 1155 670 1166 671 1166 673 1166 697 1155 719 1144 737 1153 739 1153 741 1153 893 1146 950 1153 972 1157 974 1157 975 1157 977 1157 981 1153 994 1146 1076 1153 1115 1157 1116 1157 1160 1153 1226 1147 1234 1153 1241 1158 1241 1160 1243 1160 1245 1160 1246 1160 1248 1160 1270 1153 1287 1147 1333 1153 1398 1160 1400 1160 1552 1151 1554 1129 1554 1105 302 1093 302 1120"/></Shape>
	    <String CONTENT="préparer de nouvelles guerres mille fois pires que la dernière?"
                    HPOS="300.0"
                    VPOS="1093.0"
                    WIDTH="1254.0"
                    HEIGHT="73.0"></String>
          </TextLine>

          
          
          <TextLine ID="eSc_line_6ad9343b"
                    
                    BASELINE="518 1054 1649 1061" 
                    HPOS="516.0"
                    VPOS="1032.0"
                    WIDTH="1133.0"
                    HEIGHT="66.0">
            <Shape><Polygon POINTS="518 1054 516 1094 692 1096 693 1096 695 1096 697 1096 697 1094 726 1076 752 1085 754 1085 756 1085 823 1080 862 1094 866 1096 867 1096 869 1096 871 1096 875 1094 915 1078 942 1094 946 1098 948 1098 950 1098 952 1098 953 1098 963 1094 992 1082 1016 1093 1018 1093 1019 1093 1021 1093 1023 1093 1038 1082 1138 1082 1160 1094 1162 1094 1164 1094 1166 1094 1171 1094 1254 1080 1646 1093 1649 1061 1649 1038 518 1032 518 1054"/></Shape>
	    <String CONTENT="Est-ce que tous ces incroyables progrès ne serviront qu&#39;à"
                    HPOS="516.0"
                    VPOS="1032.0"
                    WIDTH="1133.0"
                    HEIGHT="66.0"></String>
          </TextLine>

          
          
          <TextLine ID="eSc_line_ecbdb96d"
                    
                    BASELINE="303 1186 1552 1195" 
                    HPOS="302.0"
                    VPOS="1158.0"
                    WIDTH="1250.0"
                    HEIGHT="77.0">
            <Shape><Polygon POINTS="303 1186 302 1232 752 1235 754 1235 756 1235 758 1235 774 1226 791 1215 862 1212 891 1224 893 1224 895 1224 897 1224 904 1224 961 1212 1126 1221 1149 1221 1151 1221 1181 1219 1276 1213 1303 1217 1353 1226 1354 1226 1398 1217 1406 1215 1420 1215 1517 1224 1519 1224 1521 1224 1550 1213 1552 1195 1550 1171 303 1158 303 1186"/></Shape>
	    <String CONTENT="Cela dépendra de la solidité de l&#39;accord entre la France et les"
                    HPOS="302.0"
                    VPOS="1158.0"
                    WIDTH="1250.0"
                    HEIGHT="77.0"></String>
          </TextLine>

          
          
          <TextLine ID="eSc_line_cd7fe993"
                    
                    BASELINE="303 1255 810 1261" 
                    HPOS="300.0"
                    VPOS="1226.0"
                    WIDTH="509.0"
                    HEIGHT="62.0">
            <Shape><Polygon POINTS="302 1254 300 1274 313 1285 314 1285 316 1285 318 1285 388 1277 477 1287 479 1288 563 1288 563 1287 565 1287 567 1287 582 1276 655 1285 657 1285 807 1276 809 1259 807 1232 302 1226 302 1254"/></Shape>
	    <String CONTENT="autres peuples civilisés."
                    HPOS="300.0"
                    VPOS="1226.0"
                    WIDTH="509.0"
                    HEIGHT="62.0"></String>
          </TextLine>

          
          
          <TextLine ID="eSc_line_e000dab2"
                    
                    BASELINE="792 1352 1360 1358" 
                    HPOS="791.0"
                    VPOS="1320.0"
                    WIDTH="569.0"
                    HEIGHT="69.0">
            <Shape><Polygon POINTS="792 1352 791 1376 1356 1389 1360 1358 1358 1321 1171 1331 792 1320 792 1352"/></Shape>
	    <String CONTENT="Votre affectueusement dévoué"
                    HPOS="791.0"
                    VPOS="1320.0"
                    WIDTH="569.0"
                    HEIGHT="69.0"></String>
          </TextLine>

          
          
          <TextLine ID="eSc_line_3c3d1c3c"
                    
                    BASELINE="845 1451 1380 1455" 
                    HPOS="844.0"
                    VPOS="1428.0"
                    WIDTH="536.0"
                    HEIGHT="76.0">
            <Shape><Polygon POINTS="845 1451 844 1503 1029 1504 1030 1504 1032 1504 1034 1504 1047 1493 1067 1479 1241 1479 1246 1484 1265 1499 1267 1499 1268 1499 1270 1499 1272 1499 1307 1481 1312 1479 1378 1479 1380 1455 1380 1431 845 1428 845 1451"/></Shape>
	    <String CONTENT="d&#39;ESTOURNELLES de CONSTANT"
                    HPOS="844.0"
                    VPOS="1428.0"
                    WIDTH="536.0"
                    HEIGHT="76.0"></String>
          </TextLine>

          
          
          <TextLine ID="eSc_line_5467ca83"
                    
                    BASELINE="106 1614 910 1614" 
                    HPOS="106.0"
                    VPOS="1576.0"
                    WIDTH="804.0"
                    HEIGHT="73.0">
            <Shape><Polygon POINTS="106 1640 908 1649 910 1614 906 1576 878 1585 368 1576 325 1576 324 1576 318 1576 250 1585 183 1576 175 1576 173 1576 170 1576 124 1585 109 1576 106 1614 106 1640"/></Shape>
	    <String CONTENT="Monsieur le Président N. Murray BUTLER"
                    HPOS="106.0"
                    VPOS="1576.0"
                    WIDTH="804.0"
                    HEIGHT="73.0"></String>
          </TextLine>

          
          
          <TextLine ID="eSc_line_a42d618a"
                    
                    BASELINE="360 1684 538 1678" 
                    HPOS="357.0"
                    VPOS="1645.0"
                    WIDTH="181.0"
                    HEIGHT="70.0">
            <Shape><Polygon POINTS="360 1684 360 1715 538 1715 538 1678 534 1647 357 1645 360 1684"/></Shape>
	    <String CONTENT="NEW YORK"
                    HPOS="357.0"
                    VPOS="1645.0"
                    WIDTH="181.0"
                    HEIGHT="70.0"></String>
          </TextLine>

          
        </TextBlock>
        
      </PrintSpace>
    </Page>
  </Layout>
</alto>
