1768 2197
201.0 192.0 235.0 89.0 SÉNAT

809.0 140.0 312.0 85.0 LETTRE N° 56££.

1058.0 309.0 530.0 84.0 CREANS, 12 Septembre 1919.

578.0 474.0 656.0 80.0 LA CÉRÉMONIE FRANCO-AMÉRICAINE

837.0 562.0 121.0 67.0 de la

692.0 622.0 421.0 71.0 POINTE DE GRAVE .

908.0 785.0 343.0 68.0 Mon cher Butler,

714.0 946.0 878.0 70.0 Le Président de la République est allé avec

304.0 1017.0 1302.0 61.0 les autorités les plus hautes poser la première pierre d’un monu-

300.0 1082.0 1270.0 69.0 ment destiné à commémorer, à la Pointe de Grave, (au Verdon) le

300.0 1158.0 1251.0 63.0 départ de LA FAYETTE s’embarquant, en 1777, pour aller, malgré

300.0 1217.0 1290.0 71.0 les résistances que l'on sait, offrir à WASHINGTON le secours de

298.0 1294.0 1250.0 51.0 son jeune enthousiasme et de son épee. Il partit avec un seul

298.0 1360.0 1308.0 60.0 petit vaisseau, représentant bien la chimère de notre idéal. Cent

300.0 1420.0 1284.0 64.0 quarante ans plus tard, les Etats-Unis, peuplés de cent millions

300.0 1495.0 1326.0 52.0 d'habitants, lui ont rendu cette visite en envoyant en France tou-

304.0 1559.0 1295.0 63.0 tes leurs escadres, toutes leurs armées, toutes leurs ressources.

714.0 1622.0 905.0 71.0 J'étais de coeur partisan de cette cérémonie

316.0 1691.0 1211.0 62.0 mais je n'ai pas tenu à y assister. Elle jure par trop avec

302.0 1755.0 1282.0 74.0 l'ingratitude ou la légéreté des hommes qui ont laissé, après la

298.0 1819.0 1270.0 64.0 guerre, naître entre les Français et les Américains, des malen-

300.0 1891.0 1242.0 71.0 tendus graves qu’il ne suffit pas d’un discours pour dissiper.

133.0 2017.0 946.0 68.0 à Monsieur le Président Nicholas Murray BUTLER.
