1733 2197
903.0 157.0 110.0 71.0 - 3 -

340.0 291.0 1226.0 56.0 bien ce dont, au fond, on se plaignait. On ne voulait pas de

340.0 364.0 1224.0 57.0 cet exemple. Si quelques centaines cependant d’autres grands

340.0 430.0 1279.0 60.0 bienfaiteurs l’avaient imité, s’il avait pu fonder, par exemple,

338.0 499.0 1268.0 64.0 un journal à opposer à la presse chauvine, un journal de vérité

340.0 558.0 1303.0 75.0 et de paix pour contredire les journaux de mensonge et de corrup-

344.0 635.0 1257.0 66.0 tion, peut-être aurait-il réussi à retarder et par conséquent à

342.0 704.0 650.0 57.0 rendre impossible cette guerre ?

740.0 776.0 888.0 62.0 Quoi qu’il en soit, CARNEGIE a eu le courage

340.0 829.0 1264.0 80.0 et l’intelligence de prendre l’initiative d’une grande campagne

338.0 897.0 1186.0 80.0 pour la paix. Il a doublé l'initiative américaine et c’est

338.0 970.0 1285.0 80.0 ainsi que la Seconde Conférence de La Haye a pu se réunir. C'est

340.0 1032.0 1143.0 86.0 en partie grâce à lui que les conflits de Dogger-Bank, de

342.0 1096.0 1242.0 84.0 Casablanca, du Carthage et du Manouba et tant d’autres ont été

340.0 1162.0 1270.0 97.0 réglés pacifiquement. Il a rendu ainsi un service incalculable.

335.0 1298.0 1223.0 87.0 été irréprochable aux yeux de l'opinion, mais il a voulu être

730.0 1244.0 847.0 81.0 S'il s'était contenté d'être riche, il eût

333.0 1365.0 1185.0 92.0 utile, et rendre à l’Humanité les bienfaits dont l'Humanité

333.0 1435.0 1280.0 86.0 l'avait comblé. Je respecte sa mémoire et je ne suivrai pas les

335.0 1508.0 1293.0 92.0 critiques qui ne lui reprochent, au fond, que d’avoir consacré sa

331.0 1576.0 1200.0 91.0 fortune à des œuvres d'utilité générale et non d’assistance

344.0 1642.0 280.0 58.0 particulière.

326.0 1764.0 1308.0 103.0 faits consacré non à faire le bien mais à s'entourer de flat(t)eurs,

719.0 1713.0 887.0 86.0 La moitié seulement ou le quart de ses bien-
