1761 2197
192.0 203.0 225.0 69.0 SÉNAT

808.0 166.0 298.0 82.0 LETTRE N° 559.

1088.0 300.0 432.0 73.0 CREANS, 21 Août 1919.

648.0 477.0 559.0 72.0 MON RETOUR DES ETATS-UNIS.

927.0 642.0 335.0 62.0 Mon cher Butler,

357.0 869.0 1226.0 66.0 Etats-Unis et j'y ai ajouté, en post-scriptum, quelques indi-

731.0 816.0 931.0 59.0 Je vous ai envoyé le journal de mon voyage aux

359.0 944.0 1281.0 55.0 cations sur le bon accueil qe j’ai recu et sur les devoirs nom-

357.0 1012.0 1206.0 60.0 breux que j'ai trouvés accumulés devant moi à mon retour en

360.0 1083.0 154.0 52.0 France.

445.0 1135.0 1140.0 78.0 ££ ££ ££ On m'a demandé de me rendre à Londres pour

355.0 1210.0 1303.0 71.0 y voir nos amis Anglais et notamment Lord Robert Cecil, dont j’ai

357.0 1281.0 1244.0 59.0 connu jadis toute la famille, à Hatfield, du temps de son père

357.0 1351.0 1165.0 62.0 Lord Salisbury. Les Anglais ont conservé leur tempérament

359.0 1415.0 1222.0 67.0 insulaire. Il fau/t pourtant qu’ils arrivent à concevoir une

359.0 1481.0 1139.0 62.0 Société des Nations qui ne soit pas anglaise seulement ou

353.0 1543.0 1244.0 71.0 anglo-saxonne, mais universelle. C’est là que sera, bien plus

359.0 1614.0 1277.0 72.0 qu'aux Etats-Unis, la difficulté. J'ai accepté, en principe, de

357.0 1675.0 1224.0 77.0 faire ce voyage et vais demander un rendez-vous à Lord Robert

357.0 1742.0 643.0 70.0 Cecil pour la semaine prochaine.

725.0 1814.0 894.0 71.0 Je suis aujourd'hui dans la Sarthe et j'y ai

153.0 1969.0 942.0 79.0 à Monsieur le Président Nicholas Murray BUTLER.
