1761 2197
872 108 113 91 - 2 -

318.0 243.0 1285.0 79.0 fondée sur le droit. La conciliation, - (plus que jamais, à mon

317.0 320.0 1341.0 69.0 avis, l’essentiel,)- et les étapes déà franchies avant la guerre,

317.0 388.0 1343.0 67.0 notamment aux deux Conférences de La Haye, n’y sont pas mentionnées

318.0 454.0 1162.0 73.0 avec assez d’insistance à mon gré ; mais, si je reproche à

317.0 519.0 1304.0 74.0 M. BOURGEOIS d'avoir fait trop peu de cas de ce qui fut en partie

318.0 602.0 1296.0 62.0 son œuvre, que dirai-je donc du Président Wilson qui semble, lui,

318.0 666.0 1287.0 55.0 n’en savoir pas même voulu parler, ni laisser parler, parce qu’il

317.0 725.0 1326.0 76.0 n’y a été pour rien. M. BOURGEOIS à pêché par un excès fâcheux de

322.0 792.0 1241.0 75.0 modestie le Président Wilson que peut invoquer la même excuse.

674.0 864.0 988.0 69.0 Quoiqu’il en soit, j'estime que vous aurez diffi-

322.0 930.0 1301.0 73.0 cilement aux Etats-Unis une étude plus approfondie et plus rapide

318.0 995.0 1188.0 70.0 et plus facile à lire du Traité qui doit servir de base aux

320.0 1071.0 1358.0 65.0 relations futures entre les peuples ; je me permets de vous suggérer

317.0 1131.0 1323.0 73.0 de la faire traduire et publier dans votre incomparable collection

318.0 1199.0 1204.0 66.0 des Bulletins de la Conciliation. Si vous le désirez, je me

318.0 1265.0 1278.0 77.0 chargerai de faire faire et de surveiller la traduction à Paris.

1007.0 1378.0 583.0 68.0 Votre affectueusement dévoué,

1029.0 1437.0 422.0 102.0 ££ ££ ££

210.0 1731.0 948.0 74.0 à Monsieur le Président Nicholas Murray BUTLER,

612.0 1799.0 221.0 73.0 NEW-YORK.

892.0 1911.0 548.0 84.0 Voir P.S. page suivante.

210.0 1995.0 198.0 64.0 1 annexe.
