1761 2197
943.0 100.0 94.0 50.0 - 3 -

350.0 217.0 1246.0 72.0 plus nobles quartiers du West End (Curzon Street, Mayfair), où

355.0 294.0 1220.0 61.0 le souffle révolutionnaire n’a jamais passé, non loin des om-

353.0 364.0 1144.0 53.0 brages séculaires de Hyde Park, Sunderland House est bien

357.0 424.0 1281.0 61.0 l’ancienne et somptueuse demeure qui devait perpétuer les souve-

355.0 494.0 1301.0 60.0 nirs de magnificence des Ducs de Marlborough. Elle est grandiose

355.0 560.0 1246.0 66.0 et, comme tant d’autr/es à Londres, inspirée de la renaissance,

360.0 637.0 1276.0 53.0 italienne et de l’orgueil de notre XVII ème siècle ; elle semble

355.0 699.0 1242.0 57.0 avoir été importée au pays des brumes. Palais de pierre ou de

355.0 765.0 1222.0 64.0 marbre blanc, aux lourdes murailles, aux larges fenêtres, aux

357.0 834.0 1294.0 61.0 monumentales colonnes, noircies de brouillard et lavées de pluie,

359.0 902.0 1299.0 55.0 elle est avant tout une affirmation majestueuse de résistance aux

357.0 970.0 1316.0 60.0 conquêtes des vieilles monarchies européennes en même temps qu’une

355.0 1038.0 1281.0 58.0 récompense de la guerre, donc un encouragement à la guerre. Avec

355.0 1096.0 1222.0 70.0 le légendaire château de Blenheim, et tant d'autres richesses

357.0 1164.0 1277.0 71.0 historiques que la fierté britannique a prodiguées de tout temps

355.0 1228.0 1279.0 68.0 aux serviteurs de ses libertés et de son prestige, elle proclame

357.0 1303.0 1162.0 66.0 qu'en Angleterre un service rendu à l'Etat n'est jamais un

355.0 1369.0 1259.0 68.0 bienfait perdu ; elle contribue à illustrer la famille du bien-

353.0 1437.0 1158.0 58.0 faiteur, les Barons Spencer, les Comtes de Sunderland, les

351.0 1493.0 1261.0 79.0 Barons Churchill, les Marquis de Blandford, les Comtes enfin et

351.0 1554.0 490.0 64.0 les Ducs de Marlborough.

727.0 1623.0 898.0 79.0 Tant de gloire a quelque peu tourné la tête à

350.0 1689.0 1242.0 81.0 la famille ; il a fallu, dans ces derniers temps, pour réparer

351.0 1766.0 1219.0 66.0 son désordre et même ses folies, pour redorer enfin son noble

350.0 1827.0 1235.0 78.0 blason, l’immense fortune américaine des Vander bilt rehaussée
