1726 2197
133.0 205.0 238.0 89.0 SÉNAT

593.0 119.0 352.0 76.0 LETTRE n° 551

1112.0 230.0 456.0 77.0 PARIS, le 27 juin 1919

621.0 433.0 601.0 81.0 SOMMAIRE de ma CORRESPONDANCE

683.0 512.0 566.0 73.0 du N° 501 au N° 550 inclus.

846.0 743.0 332.0 58.0 Mon cher Butler

392.0 1034.0 923.0 62.0 vous ai adressées, du N° 501 au N° 550 inclus.

547.0 966.0 1107.0 72.0 Je vous envoie ci-joint le sommaire des lettres que je

549.0 1098.0 1059.0 73.0 en deux exemplaires, toutes les lettres ainsi numérotées.

390.0 1169.0 1145.0 74.0 Je prie Haskell de me faire savoir si vous avez bien,

923.0 1336.0 473.0 66.0 Affectueusement à vous,

914.0 1409.0 304.0 81.0 ££

197.0 1585.0 812.0 90.0 à Monsieur le Président N. Murray BUTLER

507.0 1671.0 214.0 73.0 NEW YORK

166.0 1807.0 1499.0 78.0 P. S. Nos copies de la lettre N° 532 se trouvent égarées. Je reconnaissant

298.0 1891.0 1330.0 64.0 à Haskell de la faire copier et de m’adresser cet exemplaire ainsi

1366.0 1785.0 134.0 64.0 serais

300.0 1953.0 1338.0 57.0 que d’ajouter sur le sommaire ci-joint le titre et la date de cette

1414.0 1865.0 224.0 46.0 ££ ££

294.0 2015.0 297.0 61.0 lettre N° 532.
