1763 2197
866.0 155.0 121.0 68.0 - 3 -

329.0 247.0 1291.0 73.0 de la France le point d’arrivée et le passage de tout le transit

331.0 325.0 1267.0 59.0 d’outre-Océan! Cette incompréhension de notre intérêt national

333.0 384.0 1334.0 75.0 est un scandale que j’ai dénoncé maintes fois ; je n'y reviens pas.

806.0 457.0 812.0 70.0 Le charbon s'est raréfié en Europe, mais

329.0 521.0 1305.0 70.0 il abonde aux Etats-Unis. Là un outillage incomparable dont nous

329.0 589.0 1230.0 75.0 persistons à ne pas vouloir tenir compte, l’accumule dans les

326.0 662.0 1299.0 73.0 ports. Un seul homme et, à défaut d'un homme, une seule machine,

333.0 728.0 1281.0 73.0 charge 500 grands wag/ons metalliques de charbon en huit heures.

331.0 801.0 1287.0 68.0 Il est impossible qu'en face de telles simplifications et malgré

329.0 860.0 1338.0 88.0 le prix très élevé de la main-d'œuvre américaine, nous continuions

326.0 930.0 1167.0 82.0 à prétendre que le charbon américain(s) n’existe pas pour la

328.0 995.0 1319.0 90.0 France, alors qu’il suffit de trouver des bateaux pour l’importer.

328.0 1135.0 1341.0 89.0 tout notre commerce, toute notre vie nationale et hier encore notre

800.0 1083.0 827.0 74.0 La vérité est que toute notre production,

326.0 1206.0 1284.0 93.0 défense nationale, sont fonction d’une bonne organisation de nos

326.0 1272.0 236.0 62.0 transports.

320.0 1398.0 1246.0 99.0 de transports est depuis trop longtemps systématique. Pour ne

795.0 1340.0 792.0 91.0 Notre parti-pris de négliger nos moyens

318.0 1471.0 1281.0 98.0 parler que de la Sarthe, le Conseil Général se rappelle les pro-

322.0 1541.0 1219.0 93.0 testations dont je n’ai cessé de le saisir, depuis longtemps,

318.0 1607.0 1320.0 92.0 quant à l’abandon de certaines lignes essentielles de notre réseau

315.0 1666.0 1242.0 104.0 de tramways. Exemple : le tramway du Lude à Pontvallain. Autre

313.0 1746.0 1257.0 90.0 exemple : celui-là invraisemblable ; le tramway de Foulletourte à

309.0 1805.0 1314.0 104.0 la gare de La Flèche ; deux ponts metalliques franchissant le Loir,
