1761 2197
197.0 190.0 235.0 97.0 SÉNAT

842.0 162.0 299.0 70.0 LETTRE N° 561.

1126.0 307.0 422.0 88.0 CREANS, 29 Août 1919.

667.0 455.0 610.0 74.0 Paul VIDAL de la BLACHE .

962.0 622.0 340.0 62.0 Mon cher Butler,

388.0 818.0 222.0 58.0 ££ ££

710.0 779.0 902.0 77.0 Je vous envoie ci-joint, par ce courrier, €un€

350.0 854.0 1211.0 68.0 €certain nombre€ des tirages à part d’un extrait des Annales de

355.0 930.0 1131.0 60.0 Géographie, Tome XXVII, N° 147 du 15 Mai 1918. C'est un

357.0 990.0 1244.0 71.0 article de L. GALLOIS sur notre admirable ami Paul VIDAL de la

355.0 1065.0 1208.0 70.0 BLACHE. Vous tiendrez sans doute à le faire distribuer dans

355.0 1140.0 903.0 59.0 les principales bibliothèques des Etats-Unis.

712.0 1210.0 871.0 64.0 VIDAL de la BLACHE est mort des émotions de

357.0 1266.0 1246.0 76.0 la guerre qui lui a pris son fils. Qui donc dressera le bilan

355.0 1345.0 733.0 66.0 sincère de ces pertes irréparables ?

923.0 1471.0 596.0 76.0 Votre affectueusement dévoué,

941.0 1550.0 510.0 103.0 ££ ££ ££

252.0 1764.0 944.0 75.0 à Monsieur le Président Nicholas Murray BUTLER,

667.0 1838.0 196.0 71.0 NEW-YORK.

251.0 2028.0 157.0 66.0 Annexe.
