1730 2197
832.0 173.0 115.0 70.0 - 4 -

392.0 309.0 1235.0 68.0 les équipages des Dreadnoughts ont une tendance (à) se révolter.

392.0 378.0 1145.0 57.0 Voyez ceux des Russes, après la guerre japonaise ; ceux du

395.0 448.0 1280.0 60.0 Brésil ; voyez ceux des Allemands ; et maintemant voici les nôtres.

533.0 510.0 1099.0 63.0 Et dans la marine de commerce, c'est la même chose. Une

390.0 580.0 1242.0 57.0 difficulté surgit ; on s'apercoit que la vie est dure à bord et

392.0 646.0 1261.0 58.0 sans repos.... Et alors se posent, entre autres problèmes, dans

394.0 714.0 1290.0 56.0 les chaufferies, dans tous les services du bord, ceux de la jour-

390.0 779.0 1263.0 59.0 née de 8 heures. Comment l’appliquer? comment en concevoir même

390.0 840.0 1239.0 66.0 l'application? La fédération des syndicats maritimes adresse à

390.0 915.0 1294.0 55.0 ses adhérents de pressants appels. Et en attendant qu'on se mette

388.0 979.0 724.0 60.0 d'accord, des grèves sont ébauchées.

525.0 1041.0 1124.0 59.0 Pour moi, tout est occasion d’observer, d’ajouter un ar-

384.0 1114.0 1221.0 57.0 gument de plus à mon incessant réquisitoire contre la guerre.

388.0 1180.0 1221.0 53.0 J'attends donc patiemment, jadis les voyageurs attendaient au

388.0 1244.0 1259.0 65.0 Havre ou à Saint-Malo, ou tout autre port, les caprices du vent

386.0 1321.0 1296.0 46.0 pour que leur bateau prit la voile. Aujourd’hui, c’est un caprice

384.0 1384.0 1199.0 55.0 d’un autre ordre que je dois attendre, mais moins longtemps:

388.0 1448.0 1255.0 60.0 caprice également naturel ; c’est le grand souffle d’une popula-

384.0 1508.0 1239.0 61.0 tion longtemps sans cohésion mais qui désormais se refuse à ne

383.0 1580.0 1257.0 53.0 vivre que pour obéir. Encore un ordre nouveau, un accord à éta-

381.0 1647.0 1224.0 50.0 blir ; voilà l'organisation qu'il faudra poursuivre si nous ne

381.0 1702.0 1240.0 61.0 voulons pas tomber dans l'anarchie c’est à dire aux sanglantes

383.0 1770.0 1277.0 69.0 diversions de nouvelles guerres. Et tous cela est possible, avec

381.0 1834.0 1215.0 68.0 de la bonne volonté, une grande et persistante bonne volonté.

694.0 1905.0 585.0 68.0 Votre affectueusement dévoué.

142.0 1969.0 810.0 72.0 à Monsieur le Président N. Murray BUTLER

375.0 2034.0 189.0 75.0 NEW YORK
