1761 2197
848.0 120.0 114.0 71.0 - 7 -

315.0 258.0 1321.0 78.0 Là est la question. Les progrès déjà acquis prouvent/qu’on n’a pas

317.0 336.0 1282.0 70.0 le droit de désespérer de l’avenir. Il faut seulement se donner

317.0 410.0 1299.0 62.0 la peine d'expliquer aux Anglais ce qu'ils ne trouveront pas tout

317.0 477.0 1203.0 61.0 seuls, précisément parce qu’ils sont insulaires, depuis trop

315.0 541.0 1323.0 63.0 longtemps. S'ils veulent accaparer la Société des Nations, ils la

315.0 613.0 1064.0 62.0 perdront et ils se perdront. Qu’ils le sachent bien.

615.0 675.0 1045.0 71.0 Tel est l'esprit de l'entretien que je voulais avoir

315.0 761.0 1339.0 61.0 et que j’ai eu avec Lord Robert Cecil. Malheureusement deux de ses

317.0 822.0 1262.0 71.0 amis, qui sont aussi les miens et que j'ai connus comme membres

320.0 893.0 1314.0 71.0 actifs du bureau de l’Association anglaise pour favoriser le déve-

318.0 961.0 1281.0 71.0 loppement d’une Société des Nations, Sir Willoughby Dickinson et

317.0 1025.0 1359.0 71.0 le Colonel Fisher, se trouvaient, comme par hasard, dans l'anticham-

317.0 1093.0 1319.0 80.0 bre de Lord Robert. Il m'a demandé si je ne voyais pas d’inconvé-

317.0 1164.0 1260.0 73.0 nient à leur présence. J'ai répondu franchement que j’en étais

317.0 1222.0 1310.0 90.0 embarrassé ; que je venais lui parler, en tête à tête, à lui seul

317.0 1298.0 1277.0 76.0 en mon nom personnel et non pas seulement au nom de M. Bourgeois

313.0 1362.0 1299.0 77.0 et de mes amis Français ; que j’avais tenu à faire cette démarche

313.0 1426.0 1297.0 86.0 pour l'acquit de ma conscience, avant tout, et en souvenir recon-

311.0 1488.0 1338.0 102.0 naissant de l'amitié que son père et sa mère et toute la famille de

315.0 1561.0 1268.0 92.0 Lord Salisbury m’avaient témoignée dans ma jeunesse ; et de l'in-

317.0 1631.0 1299.0 97.0 fluence qu’ils avaient eu sur ma vie et sur ma carrière politique.

313.0 1689.0 1328.0 107.0 "Cela dit," ai-je ajouté, "si ces messieurs et vous me permettez de

307.0 1761.0 1298.0 104.0 vous parler "comme s’ils n’étaient pas là, leur présence, loin de
