1766 2197
646.0 80.0 535.0 101.0 Annexe à ma lettre N° 562.

197.0 190.0 244.0 80.0 SÉNAT

890.0 292.0 745.0 74.0 Clermont-Créans, le 5 septembre 1919.

851.0 554.0 374.0 61.0 Mon cher Ministre

555.0 677.0 1066.0 77.0 Je regrette de ne pas avoir pu vous voir en passant à

351.0 743.0 1066.0 73.0 Paris. Voici en deux mots de que j'ai fait à Londres.

551.0 809.0 1051.0 73.0 J'ai profité de mon indépendance et de mes relations

349.0 884.0 1264.0 64.0 personnelles pour dire à mes amis anglais et particulièrement à

348.0 944.0 1304.0 72.0 Lord Robert Cecil ce que je pense, dans leur intérêt, comme dan/s,

349.0 1016.0 1299.0 64.0 celui du monde entier, de leur tendance impérialiste au monopole,

348.0 1074.0 1265.0 66.0 à l'accaparement de tout, même de la Société des Nations. "Vous

348.0 1135.0 1364.0 82.0 éliminez la France de ce qui est son œuvre", ai-je dit en substance:

349.0 1213.0 1255.0 70.0 "Vous allez vous mettre tout le monde à dos. Voyez le discours,

346.0 1281.0 1326.0 73.0 d'ailleurs répugnant, de Knox! Vous ne comptez pas avec ce facteur

346.0 1342.0 1286.0 69.0 tout puissant : "l’esprit français" ; ne le révoltez pas. Déjà aux

344.0 1406.0 1324.0 82.0 Etats-Unis, où j'étais hier, on vous accuse d'être "les profiteurs

338.0 1481.0 1272.0 73.0 de la guerre". Vous étalez des triomphes diplomatiques qui sont

340.0 1548.0 1376.0 75.0 autant de défaites réelles, car vous tournez contre vous la confiance

340.0 1609.0 1347.0 79.0 universelle ; vous expropriez la Société des Nations au seul bénéfi-

340.0 1680.0 412.0 61.0 ce de la Révolution.

536.0 1748.0 1165.0 73.0 Lord Robert Cecil a été sensible à l’appel que j’adressais

333.0 1816.0 1332.0 77.0 à sa clairvoyance ; il a très sévèrement jugé l’euvre de la diplo-

133.0 1893.0 658.0 87.0 à S. E. M. le Ministre S. Pichon
