1737 2197
740.0 151.0 304.0 72.0 LETTRE N° 55££

179.0 216.0 220.0 98.0 SÉNAT

1082.0 270.0 416.0 79.0 PARIS, 13 Août 1919.

608.0 441.0 559.0 86.0 SYMPTOMES DE JUSTICE .

747.0 521.0 247.0 68.0 M. JAUDON .

884.0 677.0 330.0 64.0 Mon cher Butler,

670.0 798.0 892.0 69.0 Tandis que j’ai la satisfaction de constater

395.0 862.0 1244.0 79.0 que ceux-là mêmes qui m’ont tenu à l'écart depuis si longtemps

397.0 946.0 1224.0 62.0 se décident à recourir à mes services, je vois un de mes col-

395.0 1016.0 1127.0 60.0 laborateurs les plus dévoués, Pierre JAUDON, recevoir du

399.0 1065.0 1266.0 79.0 Gouvernement des marques de confiance répétées. Nommé récemment

397.0 1144.0 1125.0 60.0 chef de bureau au Ministère de la Justice et chargé d'un

395.0 1221.0 1107.0 56.0 service nouveau exceptionnellement important, celui des

397.0 1283.0 1129.0 57.0 Sequestres, il vient d'être nommé Chevalier de la Légion

397.0 1347.0 1145.0 70.0 d'honneur. Vous jugerez du caractère exceptionnel de ses

397.0 1413.0 1187.0 73.0 titres par l'exposé que le "JOURNAL OFFICIEL", généralement

395.0 1488.0 1189.0 64.0 pourtant assez sobre, consacre à leur énumération, dans son

395.0 1550.0 1248.0 68.0 numéro du vendredi 8 Août ci-annexé. Il s'agissait d'expliquer

397.0 1620.0 1206.0 64.0 comment relativement jeune, 14 ans seulement de services, il

395.0 1688.0 1244.0 69.0 se trouve décoré en même temps que ses collègues beaucoup plus

395.0 1748.0 1184.0 75.0 agés, quelques-uns d'entre eux avant 25, 35 ans, ou même 45

393.0 1818.0 457.0 65.0 ou 48 ans de services.

906.0 1880.0 585.0 78.0 Votre affectueusement dévoué,

133.0 1940.0 478.0 61.0 à Monsieur le Président

219.0 1991.0 462.0 54.0 Nicholas Murray BUTLER,

351.0 2024.0 196.0 68.0 NEW-YORK.

971.0 1966.0 337.0 79.0 ££ ££ ££
