1736 2197
818.0 172.0 117.0 44.0 - 2 -

305.0 294.0 1313.0 75.0 maire de CHICACO, Gouverneur de l'Illinois, Mr. STUNNE, et du com-

305.0 364.0 1293.0 68.0 mandant de la SAVOIE. Un officier a lu, conformément au programme

307.0 441.0 1313.0 56.0 ci-joint de la cérémonie, le texte de la déclaration de l’Indépen-

305.0 501.0 1333.0 70.0 dance; une dame française a chanté la MARSEILLAISE, une autre a ré-

309.0 574.0 1361.0 70.0 pondu par l’hymne américain, repris en choeur par toute l’assistance.

520.0 633.0 1104.0 70.0 M. WALSH, personnalité respectée des Etats-Unis, a fait

303.0 695.0 1277.0 70.0 alors un très éloquent et très utile discours sur le bienfait de

307.0 768.0 1331.0 76.0 l’accord franco-américain, dans le passé, dans le présent et l’ave-

309.0 840.0 99.0 58.0 nir.

520.0 897.0 1140.0 64.0 J’ai répondu dans le même sens en profitant de la présen-

309.0 966.0 1329.0 72.0 ce des jeunes officiers et soldats américains qui regagnaient leurs

309.0 1025.0 1253.0 78.0 foyers pour leur exprimer la gratitude de la France. C'était un

307.0 1100.0 1255.0 66.0 spectacle imposant que celui de cette jeunesse heureuse d’avoir

307.0 1162.0 1293.0 75.0 tout sacrifié et d’avoir franchi l'océan pour s'offrir au service

305.0 1228.0 1324.0 71.0 désintéressé de la France, et toute prête à recommencer, au besoin.

305.0 1294.0 1273.0 53.0 Je leur ai parlé de leurs mères qui les attendaient et de celles

303.0 1351.0 1313.0 64.0 aussi qui ne verraient pas revenir leurs fils mais qui auraient du

305.0 1424.0 1308.0 69.0 moins la consolation de les avoir consacrés au salut de la liberté

303.0 1497.0 1332.0 55.0 du monde et au rétablissement de la paix que nous avions tout fait

303.0 1554.0 312.0 57.0 pour maintenir.

520.0 1607.0 1095.0 70.0 Malheureusement le temps, qui s’était annoncé très beau

302.0 1684.0 1256.0 68.0 la veille, pendant la préparation de la fête, s'est gâté ; c’est

302.0 1755.0 1294.0 59.0 assez fortement secoué, arrosé de pluie et d’embruns, que j’ai dû

302.0 1823.0 1331.0 66.0 prononcer mon discours, plus acrobatique qu’éloquent, en anglais et
