1763 2197
870.0 100.0 106.0 64.0 - 5 -

333.0 265.0 1307.0 84.0 soit, avant tout, liquidation des difficultés franco-britanniques

333.0 338.0 220.0 73.0 pendantes :

337.0 479.0 1347.0 55.0 auxquelles il ajouta lui-même, -ce qui m’a perdu, car personne n'en

461.0 406.0 1217.0 70.0 ££ convention d’arbitrage, (pour me faire plaisir, disait-il)

335.0 534.0 551.0 70.0 a voulu,- Cette troisième :

514.0 606.0 510.0 75.0 limitation des armements.

355.0 743.0 1288.0 71.0 main, de sa main, ces trois conditions dont j'ai donné publique-

712.0 673.0 952.0 66.0 J'ai conservé le papier où il écrivit le lende-

337.0 805.0 1305.0 77.0 ment connaissance à M. Delcassé, qui ne me l’a d’ailleurs jamais

337.0 878.0 198.0 63.0 pardonné.

337.0 1017.0 1184.0 66.0 rare que sa richesse et sa beauté, une âme qui mariait à la

707.0 946.0 911.0 75.0 La belle Duchesse avait quelque chose de plus

333.0 1080.0 1329.0 77.0 fantaisie des Marlborough une indépendance toute américaine. C'est

333.0 1140.0 1292.0 92.0 ainsi qu’elle m’autorisa, par la suite, à compter son mari, chef

335.0 1219.0 1244.0 73.0 alors de je ne sais quel ministère, parmi les promoteurs de la

333.0 1285.0 564.0 64.0 conciliation internationale.

328.0 1411.0 1299.0 92.0 dans ce palais de Sunderland ; - et cependant, après cette guerre,

707.0 1351.0 958.0 77.0 Je l'ai revue encore, quelques années plus tard,

328.0 1475.0 1341.0 86.0 je me demande si mon souvenir n’est pas imaginaire ; je le confonds

328.0 1545.0 1301.0 89.0 avec une de ces impressions d’art et d’histoire que m'ont laissée

328.0 1614.0 1303.0 90.0 certains tableaux de l'école anglaise. Je me demande si la belle

326.0 1684.0 1204.0 77.0 Consuelo a existé de mon vivant ou bien dans quelque galerie

326.0 1746.0 1358.0 93.0 célèbre ; elle pourrait tout aussi bien avoir été l’une des ancêtres

320.0 1810.0 1188.0 95.0 de son mari ou quelque lady Hamilton, ou toute autre beauté
