1753 2197
886.0 148.0 119.0 64.0 - 5 -

688.0 280.0 947.0 67.0 Et dire que la France a tellement dans le sang,

371.0 355.0 1286.0 60.0 depuis des siècles, ces surprises de la destinée ; elle a vu tant

375.0 419.0 1295.0 58.0 et tant de ces conséquences de toutes les guerres dont elle a été

375.0 490.0 1143.0 55.0 le champ de bataille, qu'elle trouvera en elle la force de

379.0 552.0 1258.0 74.0 réagir une fois de plus et de refaire, malgré tout, sa foi dans

375.0 620.0 1207.0 61.0 un idéal. Un idéal d’autant plus haut qu’elle aura traversé

373.0 697.0 1205.0 57.0 plus de souffrances et plus d’épreuves. Mais, plus je vais,

373.0 759.0 1246.0 72.0 plus je comprends qu’après tout ce passé déconcertant, elle ne

373.0 834.0 1227.0 64.0 puisse pas être une nation comme les autres, et qu’elle fasse

373.0 900.0 1248.0 66.0 à la fois le scandale et l'admiration du monde. Il faut pour-

377.0 963.0 1278.0 76.0 tant que le monde s’organise pour la défendre comme son rempart,

375.0 1041.0 1182.0 66.0 son bouclier, contre les retours offensifs de l’autocratie.

829.0 1138.0 583.0 77.0 Votre affectueusement dévoué,

842.0 1241.0 595.0 97.0 ££ ££ ££

250.0 1493.0 944.0 85.0 à Monsieur le Président Nicholas Murray BUTLER,

653.0 1569.0 217.0 82.0 NEW-YORK.
