1761 2197
896.0 157.0 99.0 55.0 - 9 -

339.0 276.0 1262.0 70.0 des Nations. Il a tenu à bien rappeler les efforts qu’il avait

340.0 351.0 1215.0 57.0 faits pour collaborer personnellement avec M. Léon Bourgeois,

340.0 413.0 1243.0 61.0 regrettant de n’avoir pas mieux réussi dans ces efforts, faute

340.0 496.0 1318.0 47.0 sans doute d'un trait d’union entre leurs deux ignorances, l'un de

340.0 562.0 1164.0 53.0 l'anglais l’autre du français, puis il m'a déclaré que les

340.0 627.0 1241.0 54.0 palais où la Société des Nations était installé(e) à Londres n'é-

344.0 686.0 1200.0 60.0 taient que des campements provisoires, analogues à ce qu’ils

340.0 767.0 1243.0 55.0 avaient été pour l’administration de la guerre ; il ne demande

340.0 833.0 1290.0 58.0 qu’à presser l’installation à Genève de la nouvelle organisation.

342.0 902.0 1257.0 59.0 Il attend, comme nous, impatiemment la ratification américaine.

340.0 959.0 1283.0 69.0 Il m'a interrogé attentivement sur les impressions de mon récent

340.0 1027.0 1239.0 75.0 voyage en Amérique. Je ne lui ai pas caché que la déception y

340.0 1089.0 1336.0 77.0 était grande, parmi nos amis, quant aux résultats de la Conférence,

340.0 1168.0 1312.0 71.0 et, pour résumer bien nettement ce que signifiait cette déception,

337.0 1235.0 1303.0 72.0 je n'ai pas hésité à lui dire que les Anglais n’avaient pas inté-

339.0 1290.0 1280.0 84.0 rêt à passer aux yeux du monde pour "les grands profiteurs de la

335.0 1358.0 1341.0 84.0 guerre". Lord Robert Cecil a reconnu, avec tristesse, que beaucoup

335.0 1431.0 1233.0 77.0 de personnes en effet parlaient ainsi, mais qu’il chercherait

872.0 1417.0 253.0 49.0 et pensaient

331.0 1493.0 1354.0 81.0 pour sa part, à leur donner tort. Je lui ai donné comme un exemple,

333.0 1563.0 1202.0 75.0 d’ailleurs répugnant, de l'état d’esprit dont je parlais, le

333.0 1623.0 1202.0 83.0 discours que venait de prononcer M. Knox, devant le Sénat de

333.0 1686.0 1338.0 99.0 Washington, pour préconiser cyniquement une amitié cordiale franco-

331.0 1757.0 1310.0 88.0 allemande ; comme si la guerre n’avait laissé chez nous ni deuils,

328.0 1829.0 1279.0 76.0 ni désastres irréparables. J'ai laissé entendre que les Anglais

326.0 1898.0 1260.0 82.0 n’avaient pas intérêt à encourager une aussi démoralisante con-

326.0 1955.0 722.0 79.0 clusion de la guerre. Etc... etc....
