1763 2197
817.0 113.0 308.0 93.0 LETTRE N° 562.-

179.0 214.0 244.0 60.0 SÉNAT

1057.0 258.0 552.0 69.0 En route, 3 Septembre 1919.

711.0 446.0 500.0 77.0 MON VOYAGE à LONDRES.

542.0 543.0 885.0 90.0 LE PALAIS DE LA SOCIÉTÉ DES NATIONS .

912.0 752.0 339.0 62.0 Mon cher Butler,

692.0 931.0 895.0 81.0 J'ai pu m’en tenir, heureusement, à mon pro-

318.0 1010.0 1188.0 68.0 gramme et limiter mon séjour à Londres à deux journées bien

320.0 1078.0 1263.0 73.0 remplies. Arrivé Dimanche soir, je repars ce mercredi matin et

318.0 1155.0 612.0 57.0 je ne regrette pas mon voyage.

692.0 1206.0 953.0 66.0 Je n’avais quitté Créans qu’après avoir préparé

320.0 1279.0 1265.0 70.0 pour mon proche retour toute une série très compliquée d’itiné-

322.0 1356.0 1206.0 59.0 raires de visites, de conférences et de réunions nécessaires

320.0 1415.0 1246.0 66.0 pour mener à bonne fin les rudes campagnes électorales d’après

322.0 1488.0 1224.0 53.0 guerre qui m’attendent et vont tomber toutes les unes sur les

322.0 1543.0 1338.0 64.0 autres cet automne, (élections Municipales, cantonales, législati ££

326.0 1623.0 1242.0 55.0 départementales, sans compter les comices agricoles, les fêtes

324.0 1686.0 1321.0 60.0 patriotiques de la démobilisation, etc.... etc....). En traversant

328.0 1746.0 1262.0 64.0 Paris, j’ai dîné en tête à tête chez Léon Bourgeois. Rapporteur

324.0 1816.0 1283.0 66.0 général du traité de paix et soutenu par la presque unanimité du

326.0 1885.0 1224.0 61.0 Sénat, il a pu mieux que personne me mettre bien au fait : le

326.0 1951.0 1204.0 59.0 lendemain matin j’ai vu Stéph. Pichon et le chargé d’affaires

152.0 2061.0 931.0 71.0 à Monsieur le Président Nicholas Murray BUTLER.
