1753 2197
859.0 179.0 135.0 51.0 - 11 -

313.0 303.0 1222.0 66.0 c’est une nouvelle carrière ouverte à la jeunesse éclairée de

313.0 369.0 1181.0 70.0 tous les pays. Et il y a là peut-être un petit mal pour un

311.0 443.0 236.0 49.0 grand bien.

762.0 503.0 870.0 70.0 Et c'est pourquoi je pense que si le palais

311.0 578.0 1222.0 55.0 du Duc de Marlborough est présentement affecté, non plus à la

311.0 642.0 1198.0 66.0 glorification de la guerre mais à l'organisation de la paix,

309.0 704.0 1284.0 74.0 l'aristocratie anglaise et toutes les aristocraties du monde, et

309.0 783.0 1226.0 57.0 même les ploutocraties, et même les horribles nouveaux riches

309.0 847.0 1202.0 68.0 de nos démocraties, comprendront qu’il faut en finir avec la

307.0 913.0 1081.0 68.0 politique de la violence qui se retournera contre eux.

919.0 1016.0 586.0 75.0 Votre affectueusement dévoué,

1018.0 1127.0 408.0 90.0 ££ ££ ££

153.0 1237.0 1405.0 81.0 P.S.,- A mon passage à Paris, j'ai vu naturellement Léon Bourgeois,

316.0 1285.0 1279.0 62.0 mais je n'ai pu trouver dans ma hâte de repartir pour la Sarthe,

309.0 1314.0 1293.0 70.0 M. Pichon.- Je ne me fais d'ailleurs aucune illusion sur le prix

316.0 1352.0 1224.0 63.0 qu'on peut attacher à mes efforts au Quai d'Orsay ; je me suis

313.0 1385.0 1289.0 61.0 donc borné à écrire à notre ministre la lettre sommaire également

309.0 1418.0 1253.0 63.0 ci-jointe en copie. Elle n'a rien de confidentiel pour/vous ; il

311.0 1451.0 1348.0 63.0 est même nécessaire que vous soyez au courant de de que nous faisons,

316.0 1482.0 1286.0 61.0 à Paris pour le succès d'une coopération vraiment sérieuse de nos

309.0 1515.0 1304.0 70.0 trois nations au service de la Sociéte des Nations. En deux mots

309.0 1552.0 751.0 60.0 j'en reviens toujours a ma conviction:

313.0 1618.0 1284.0 62.0 faillite et un argument de plus pour les sceptiques ; - organisée

547.0 1587.0 995.0 57.0 isolée, la Société des Nations ne sera rien qu'une

307.0 1655.0 1094.0 67.0 en participation, elle vivra et pourra sauver le Monde.

1119.0 1730.0 75.0 64.0 ££

122.0 1801.0 940.0 79.0 à Monsieur le Président Nicholas Murray BUTLER,

538.0 1856.0 187.0 60.0 NEW-YORK.

122.0 2012.0 207.0 58.0 2 annexes.
