1741 2197
736.0 93.0 319.0 77.0 LETTRE N° 556 .

177.0 228.0 239.0 70.0 SÉNAT

1053.0 261.0 438.0 68.0 A bord de la Touraine

1055.0 338.0 587.0 66.0 du 28 juillet au 6 août 1919.

560.0 463.0 929.0 73.0 JOURNAL de mon VOYAGE aux ETATS - UNIS .

701.0 540.0 431.0 51.0 du 28 juin au 6 août.

815.0 697.0 332.0 66.0 Mon cher Butler,

525.0 829.0 1131.0 66.0 Il est quantité de choses dont j'aurais voulu vous parler,

344.0 895.0 1281.0 71.0 mais partant à l’improviste, sans avoir à peine le temps de vous

346.0 961.0 1259.0 62.0 prévenir: j'étais résigné à ne pas vous rencontrer à NEW YORK à

342.0 1032.0 1223.0 62.0 cette époque où vous prenez régulièrement et heureusement vos

346.0 1098.0 1239.0 55.0 vacances. Je me suis rendu compte, - par parenthèse, - que vos

344.0 1160.0 1336.0 61.0 longues absences sont rendues possibles par votre super-excellente

344.0 1235.0 1321.0 63.0 organisation. Tout marche, quand vous n’êtes pas là, comme si vous

346.0 1294.0 1275.0 68.0 y étiez, à commencer par cette extraordinaire soirée de COLUMBIA

344.0 1367.0 1277.0 55.0 UNIVERSITY où j'ai vu 25.000 auditeurs réunis par vos collabora-

344.0 1433.0 1259.0 59.0 teurs avec autant d’ordre que s’ils avaient été seulement deux

344.0 1492.0 1221.0 60.0 ou trois cents. Je vous félicite et j’ai profité largement de

344.0 1567.0 1314.0 51.0 cette organisation. Mais j’ai goûté bien davantage encore l’esprit

340.0 1631.0 1259.0 53.0 affectueux et confiant qui l'anime à mon égard. Si je cherchais

340.0 1700.0 1298.0 55.0 une récompense aux efforts de toute ma vie, je la trouverais dans

342.0 1759.0 1248.0 66.0 les attentions sans nombre dont j'ai été l’'objet, grâce à vous,

126.0 1893.0 804.0 65.0 à Monsieur le Président N. Murray BUTLER

337.0 1966.0 185.0 68.0 NEW YORK
