1734 2197
170.0 219.0 238.0 90.0 SÉNAT

739.0 184.0 302.0 83.0 LETTRE N° 555.

1032.0 276.0 447.0 82.0 A bord de la "SAVOIE"

1157.0 358.0 307.0 75.0 5 juillet 1919.

525.0 501.0 454.0 86.0 A TRAVERS l'OCEAN.

833.0 695.0 337.0 83.0 Mon cher Butler,

536.0 833.0 1104.0 73.0 Un mot seulement. Notre traversée se prolonge et durera

322.0 891.0 1314.0 83.0 probablement dix jours. Partis de Paris samedi matin 28 juin, nous

318.0 961.0 1309.0 86.0 serons sans doute à New York mardi, 8 juillet, si les brouillards,

316.0 1027.0 1280.0 84.0 au sud de Terre-Neuve, ne nous retardent pas. Notre paquebot, la

318.0 1091.0 1278.0 89.0 SAVOIE, est plein d'officiers et de soldats américains, partis du

314.0 1157.0 1264.0 91.0 MANS, par train spécial, pour aller s’embarquer au HAVRE. Je ne

313.0 1221.0 1318.0 86.0 trouve pas trace heureusement, - si ce n'est pour protester, - des

313.0 1296.0 1342.0 77.0 dissentiments dont quelques esprits aigris et ingrats faisaient xxt

311.0 1360.0 1338.0 86.0 état, avant mon départ, pour déclarer que l'accord franco-américain

313.0 1431.0 1280.0 77.0 touchait à sa fin. On m'a demandé de participer à la célébration

307.0 1497.0 1320.0 79.0 à bord de la grande fête nationale de l'Indépendance américaine du

309.0 1563.0 1293.0 79.0 4 juillet. Le pont était pavoisé aux trois couleurs franco-anglo-

309.0 1627.0 1258.0 82.0 américaines ; tous les passagers, officiers, soldats, infirmiers

309.0 1688.0 1373.0 91.0 de la Croix-Rouge. jeunes filles de l'Y.M.C.A. et jusqu’à des enfants,

305.0 1761.0 1300.0 88.0 s’y étaient groupés par centaines, sous la présidence de l’ancien

106.0 1891.0 807.0 75.0 à Monsieur le Président N. Murray BUTLER

338.0 1962.0 187.0 81.0 NEW YORK
