<?xml version="1.0" encoding="UTF-8"?>
<alto xmlns:xsi="http://www.w3.org/2001/XMLSchema-instance"
      xmlns="http://www.loc.gov/standards/alto/ns-v4#"
      xsi:schemaLocation="http://www.loc.gov/standards/alto/ns-v4# http://www.loc.gov/standards/alto/v4/alto-4-2.xsd">
  <Description>
    <MeasurementUnit>pixel</MeasurementUnit>
    <sourceImageInformation>
      <fileName>FRAD072_12J387_lettre0562_010.jpg</fileName>
      
    </sourceImageInformation>
  </Description>
  
  <Layout>
    <Page WIDTH="1753"
          HEIGHT="2197"
          PHYSICAL_IMG_NR="43"
          ID="eSc_dummypage_">
      <PrintSpace HPOS="0"
                  VPOS="0"
                  WIDTH="1753"
                  HEIGHT="2197">
        

        
        <TextBlock ID="eSc_dummyblock_">
          
          
          <TextLine ID="eSc_line_6d7cd10c"
                    
                    BASELINE="910 190 1046 188" 
                    HPOS="906.0"
                    VPOS="160.0"
                    WIDTH="141.0"
                    HEIGHT="52.0">
            <Shape><Polygon POINTS="908 205 1044 212 1045 186 1047 167 976 170 906 160 908 188"/></Shape>
	    <String CONTENT="- 10 -"
                    HPOS="906.0"
                    VPOS="160.0"
                    WIDTH="141.0"
                    HEIGHT="52.0"></String>
          </TextLine>

          
          
          <TextLine ID="eSc_line_c956e3d9"
                    
                    BASELINE="672 318 1602 322" 
                    HPOS="670.0"
                    VPOS="281.0"
                    WIDTH="932.0"
                    HEIGHT="63.0">
            <Shape><Polygon POINTS="672 318 670 344 1600 344 1602 322 1602 294 1578 283 1577 283 1575 283 1472 294 1432 283 1430 283 1428 283 1333 292 1216 283 1214 283 1163 294 1159 294 1155 294 1122 281 1121 281 1119 281 1117 281 1071 294 1053 294 840 294 838 292 809 281 807 281 805 281 672 291 672 318"/></Shape>
	    <String CONTENT="J’ai dit tout cela, comme je le pense et comme"
                    HPOS="670.0"
                    VPOS="281.0"
                    WIDTH="932.0"
                    HEIGHT="63.0"></String>
          </TextLine>

          
          
          <TextLine ID="eSc_line_60567f2b"
                    
                    BASELINE="340 388 1621 388" 
                    HPOS="340.0"
                    VPOS="362.0"
                    WIDTH="1281.0"
                    HEIGHT="48.0">
            <Shape><Polygon POINTS="340 388 340 410 1621 408 1621 388 1621 362 340 362 340 388"/></Shape>
	    <String CONTENT="j’en souffre, non pour triompher de l’erreur anglaise, mais pour"
                    HPOS="340.0"
                    VPOS="362.0"
                    WIDTH="1281.0"
                    HEIGHT="48.0"></String>
          </TextLine>

          
          
          <TextLine ID="eSc_line_f2973977"
                    
                    BASELINE="342 450 1600 455" 
                    HPOS="340.0"
                    VPOS="424.0"
                    WIDTH="1260.0"
                    HEIGHT="59.0">
            <Shape><Polygon POINTS="342 450 340 468 370 479 371 479 373 479 677 472 749 472 751 474 758 479 758 481 760 481 762 481 763 481 826 474 842 474 1597 483 1600 455 1599 428 342 424 342 450"/></Shape>
	    <String CONTENT="tenter d&#39;en atténuer les effets en en parlant ouvertement. Mon"
                    HPOS="340.0"
                    VPOS="424.0"
                    WIDTH="1260.0"
                    HEIGHT="59.0"></String>
          </TextLine>

          
          
          <TextLine ID="eSc_line_8ea6a6d2"
                    
                    BASELINE="340 519 1641 523" 
                    HPOS="338.0"
                    VPOS="490.0"
                    WIDTH="1303.0"
                    HEIGHT="64.0">
            <Shape><Polygon POINTS="340 519 338 545 752 551 754 551 769 549 804 541 818 549 824 551 826 551 827 551 866 549 965 543 985 549 994 552 996 552 998 552 1000 552 1012 551 1038 543 1053 551 1058 552 1060 552 1062 554 1188 554 1188 552 1216 551 1307 543 1342 551 1348 552 1350 552 1351 552 1364 552 1434 543 1491 552 1496 552 1498 552 1505 552 1595 543 1635 552 1641 523 1639 490 340 492 340 519"/></Shape>
	    <String CONTENT="langage ne pouvait prêter à aucune équivoque. C&#39;était celui d’un"
                    HPOS="338.0"
                    VPOS="490.0"
                    WIDTH="1303.0"
                    HEIGHT="64.0"></String>
          </TextLine>

          
          
          <TextLine ID="eSc_line_dfe24946"
                    
                    BASELINE="338 585 1657 593" 
                    HPOS="338.0"
                    VPOS="552.0"
                    WIDTH="1319.0"
                    HEIGHT="70.0">
            <Shape><Polygon POINTS="338 585 338 613 1230 611 1234 613 1245 620 1247 620 1249 620 1251 620 1311 613 1326 611 1337 613 1390 622 1392 622 1393 622 1430 613 1432 613 1434 613 1551 622 1553 622 1655 611 1657 593 1655 562 338 552 338 585"/></Shape>
	    <String CONTENT="ami de l’Angleterre adjurant les Conservateurs de ce grand pays de"
                    HPOS="338.0"
                    VPOS="552.0"
                    WIDTH="1319.0"
                    HEIGHT="70.0"></String>
          </TextLine>

          
          
          <TextLine ID="eSc_line_ed1a62c1"
                    
                    BASELINE="337 653 1643 664" 
                    HPOS="335.0"
                    VPOS="622.0"
                    WIDTH="1308.0"
                    HEIGHT="70.0">
            <Shape><Polygon POINTS="337 653 335 681 1205 681 1212 682 1229 690 1230 690 1232 690 1273 682 1280 682 1296 682 1425 692 1426 692 1641 682 1643 664 1641 631 337 622 337 653"/></Shape>
	    <String CONTENT="ne pas servir inconsidérément l’anarchie et la révolution, c’est-"
                    HPOS="335.0"
                    VPOS="622.0"
                    WIDTH="1308.0"
                    HEIGHT="70.0"></String>
          </TextLine>

          
          
          <TextLine ID="eSc_line_8d4dd41a"
                    
                    BASELINE="338 719 1659 730" 
                    HPOS="337.0"
                    VPOS="684.0"
                    WIDTH="1322.0"
                    HEIGHT="68.0">
            <Shape><Polygon POINTS="337 746 1655 752 1659 730 1659 697 580 697 560 686 558 686 556 686 544 686 364 693 340 684 338 719 337 746"/></Shape>
	    <String CONTENT="à-dire le recommencement de la guerre, pour la ruine définitive de"
                    HPOS="337.0"
                    VPOS="684.0"
                    WIDTH="1322.0"
                    HEIGHT="68.0"></String>
          </TextLine>

          
          
          <TextLine ID="eSc_line_b9b09baf"
                    
                    BASELINE="340 789 1641 800" 
                    HPOS="340.0"
                    VPOS="761.0"
                    WIDTH="1301.0"
                    HEIGHT="70.0">
            <Shape><Polygon POINTS="340 789 340 816 663 814 697 818 734 823 736 823 738 823 740 823 747 818 754 814 848 820 990 827 992 827 1097 820 1137 818 1143 820 1150 827 1152 827 1154 827 1155 827 1225 822 1241 820 1249 822 1278 829 1280 829 1282 829 1381 822 1408 820 1412 822 1421 831 1423 831 1425 831 1426 831 1639 822 1641 800 1639 772 340 761 340 789"/></Shape>
	    <String CONTENT="la France, sans doute, mais pour le plus grand péril aussi de ses"
                    HPOS="340.0"
                    VPOS="761.0"
                    WIDTH="1301.0"
                    HEIGHT="70.0"></String>
          </TextLine>

          
          
          <TextLine ID="eSc_line_22d0b399"
                    
                    BASELINE="337 858 630 858" 
                    HPOS="337.0"
                    VPOS="831.0"
                    WIDTH="293.0"
                    HEIGHT="58.0">
            <Shape><Polygon POINTS="337 858 337 880 628 889 630 858 630 831 337 831 337 858"/></Shape>
	    <String CONTENT="alliée d&#39;hier."
                    HPOS="337.0"
                    VPOS="831.0"
                    WIDTH="293.0"
                    HEIGHT="58.0"></String>
          </TextLine>

          
          
          <TextLine ID="eSc_line_26cc44cb"
                    
                    BASELINE="692 928 1599 937" 
                    HPOS="690.0"
                    VPOS="893.0"
                    WIDTH="909.0"
                    HEIGHT="70.0">
            <Shape><Polygon POINTS="692 928 690 946 765 957 767 957 1016 952 1060 961 1062 961 1177 953 1236 963 1238 963 1597 955 1599 937 1599 904 692 893 692 928"/></Shape>
	    <String CONTENT="Lord Robert Cecil a été touché de ma démarche"
                    HPOS="690.0"
                    VPOS="893.0"
                    WIDTH="909.0"
                    HEIGHT="70.0"></String>
          </TextLine>

          
          
          <TextLine ID="eSc_line_77538a68"
                    
                    BASELINE="338 992 1518 1006" 
                    HPOS="337.0"
                    VPOS="963.0"
                    WIDTH="1181.0"
                    HEIGHT="69.0">
            <Shape><Polygon POINTS="338 992 337 1010 516 1023 518 1023 613 1016 631 1016 633 1017 646 1025 648 1025 650 1025 652 1025 745 1019 773 1017 787 1019 826 1027 1514 1032 1518 1006 1516 981 338 963 338 992"/></Shape>
	    <String CONTENT="et de la peine que j&#39;avais prise de venir à Londres pour le"
                    HPOS="337.0"
                    VPOS="963.0"
                    WIDTH="1181.0"
                    HEIGHT="69.0"></String>
          </TextLine>

          
          
          <TextLine ID="eSc_line_c899369c"
                    
                    BASELINE="342 1060 1597 1078" 
                    HPOS="340.0"
                    VPOS="1028.0"
                    WIDTH="1257.0"
                    HEIGHT="79.0">
            <Shape><Polygon POINTS="342 1060 340 1085 586 1085 597 1087 622 1094 624 1094 626 1094 679 1089 694 1087 697 1089 716 1096 718 1096 719 1096 815 1091 838 1089 842 1091 860 1098 862 1098 864 1098 947 1091 961 1091 963 1091 974 1100 976 1100 978 1100 979 1100 1078 1093 1093 1093 1110 1093 1221 1103 1223 1103 1337 1096 1344 1096 1353 1096 1480 1107 1481 1107 1595 1098 1597 1078 1597 1052 342 1028 342 1060"/></Shape>
	    <String CONTENT="trouver ; de même que quelques semaines auparavant M. Taft était"
                    HPOS="340.0"
                    VPOS="1028.0"
                    WIDTH="1257.0"
                    HEIGHT="79.0"></String>
          </TextLine>

          
          
          <TextLine ID="eSc_line_ac6aa5cb"
                    
                    BASELINE="337 1125 1637 1147" 
                    HPOS="335.0"
                    VPOS="1093.0"
                    WIDTH="1302.0"
                    HEIGHT="82.0">
            <Shape><Polygon POINTS="337 1125 335 1149 1154 1168 1155 1168 1186 1160 1192 1160 1197 1160 1221 1169 1223 1169 1225 1169 1381 1164 1388 1164 1390 1164 1419 1173 1421 1173 1423 1173 1505 1166 1525 1175 1527 1175 1529 1175 1635 1166 1637 1147 1637 1122 337 1093 337 1125"/></Shape>
	    <String CONTENT="sensible à ma visite à Murray Bay. Il m&#39;a offert de télégraphier"
                    HPOS="335.0"
                    VPOS="1093.0"
                    WIDTH="1302.0"
                    HEIGHT="82.0"></String>
          </TextLine>

          
          
          <TextLine ID="eSc_line_63c4e59f"
                    
                    BASELINE="335 1195 1655 1215" 
                    HPOS="333.0"
                    VPOS="1166.0"
                    WIDTH="1322.0"
                    HEIGHT="77.0">
            <Shape><Polygon POINTS="335 1195 333 1215 1652 1243 1655 1215 1655 1182 335 1166 335 1195"/></Shape>
	    <String CONTENT="à M. Bourgeois et à M. Taft simultanément, pour organiser d&#39;accord"
                    HPOS="333.0"
                    VPOS="1166.0"
                    WIDTH="1322.0"
                    HEIGHT="77.0"></String>
          </TextLine>

          
          
          <TextLine ID="eSc_line_9db8de42"
                    
                    BASELINE="335 1261 1633 1287" 
                    HPOS="333.0"
                    VPOS="1232.0"
                    WIDTH="1300.0"
                    HEIGHT="82.0">
            <Shape><Polygon POINTS="335 1261 333 1279 705 1298 707 1298 791 1290 1077 1305 1078 1305 1447 1303 1542 1314 1544 1314 1632 1305 1633 1287 1632 1252 1562 1259 1538 1250 1536 1250 1535 1250 1533 1250 1465 1257 1368 1246 1355 1246 1353 1246 1331 1246 1168 1252 335 1232 335 1261"/></Shape>
	    <String CONTENT="avec eux, au milieu d’octobre, à Bruxelles , la réunion des trois"
                    HPOS="333.0"
                    VPOS="1232.0"
                    WIDTH="1300.0"
                    HEIGHT="82.0"></String>
          </TextLine>

          
          
          <TextLine ID="eSc_line_9b43c784"
                    
                    BASELINE="335 1325 1672 1354" 
                    HPOS="333.0"
                    VPOS="1298.0"
                    WIDTH="1339.0"
                    HEIGHT="80.0">
            <Shape><Polygon POINTS="335 1325 333 1354 1668 1378 1672 1354 1672 1327 335 1298 335 1325"/></Shape>
	    <String CONTENT="associations française, anglaise et américaine, primitivement fixée"
                    HPOS="333.0"
                    VPOS="1298.0"
                    WIDTH="1339.0"
                    HEIGHT="80.0"></String>
          </TextLine>

          
          
          <TextLine ID="eSc_line_7e863073"
                    
                    BASELINE="333 1393 1575 1418" 
                    HPOS="331.0"
                    VPOS="1367.0"
                    WIDTH="1244.0"
                    HEIGHT="73.0">
            <Shape><Polygon POINTS="333 1393 331 1413 511 1428 512 1428 591 1420 694 1431 696 1431 1102 1431 1128 1440 1130 1440 1132 1440 1573 1439 1575 1418 1575 1391 333 1367 333 1393"/></Shape>
	    <String CONTENT="au 22 Septembre, alors qu&#39;on croyait la ratification du traité"
                    HPOS="331.0"
                    VPOS="1367.0"
                    WIDTH="1244.0"
                    HEIGHT="73.0"></String>
          </TextLine>

          
          
          <TextLine ID="eSc_line_e2db2106"
                    
                    BASELINE="331 1461 1589 1488" 
                    HPOS="329.0"
                    VPOS="1433.0"
                    WIDTH="1260.0"
                    HEIGHT="81.0">
            <Shape><Polygon POINTS="331 1461 329 1488 1586 1514 1589 1488 1586 1453 1509 1461 1423 1450 1414 1450 1412 1450 1404 1450 1342 1457 1273 1448 1254 1446 1252 1446 1234 1448 1177 1453 923 1450 915 1442 912 1439 910 1439 908 1439 906 1439 881 1442 851 1446 771 1440 666 1433 664 1433 331 1433 331 1461"/></Shape>
	    <String CONTENT="moins éloignée. C’est ce que j’ai fait aussitôt, d’acord avec"
                    HPOS="329.0"
                    VPOS="1433.0"
                    WIDTH="1260.0"
                    HEIGHT="81.0"></String>
          </TextLine>

          
          
          <TextLine ID="eSc_line_63d09a7a"
                    
                    BASELINE="333 1528 664 1532" 
                    HPOS="331.0"
                    VPOS="1493.0"
                    WIDTH="333.0"
                    HEIGHT="72.0">
            <Shape><Polygon POINTS="331 1548 566 1565 567 1565 663 1552 664 1532 661 1501 500 1506 439 1495 435 1495 434 1495 432 1495 381 1504 335 1493 333 1528 331 1548"/></Shape>
	    <String CONTENT="lui et nos amis."
                    HPOS="331.0"
                    VPOS="1493.0"
                    WIDTH="333.0"
                    HEIGHT="72.0"></String>
          </TextLine>

          
          
          <TextLine ID="eSc_line_ba393463"
                    
                    BASELINE="681 1598 1630 1612" 
                    HPOS="679.0"
                    VPOS="1561.0"
                    WIDTH="951.0"
                    HEIGHT="81.0">
            <Shape><Polygon POINTS="681 1598 679 1618 857 1633 859 1633 906 1623 932 1634 934 1634 936 1634 937 1634 939 1634 954 1625 976 1634 978 1634 979 1634 1219 1629 1227 1629 1232 1629 1397 1642 1399 1642 1628 1634 1630 1612 1630 1585 1419 1574 1417 1574 1415 1574 1406 1578 1395 1583 1382 1578 1368 1572 1366 1572 1364 1572 1324 1576 1282 1581 1256 1574 1240 1570 1238 1570 1236 1570 1183 1572 1100 1578 1089 1570 1088 1569 1086 1569 1084 1569 1082 1569 1055 1570 959 1576 930 1567 923 1565 921 1565 919 1565 888 1565 740 1572 681 1561 681 1598"/></Shape>
	    <String CONTENT="Je suis entré ensuite en relations personnelles"
                    HPOS="679.0"
                    VPOS="1561.0"
                    WIDTH="951.0"
                    HEIGHT="81.0"></String>
          </TextLine>

          
          
          <TextLine ID="eSc_line_a7adf635"
                    
                    BASELINE="329 1658 1657 1678" 
                    HPOS="327.0"
                    VPOS="1625.0"
                    WIDTH="1330.0"
                    HEIGHT="81.0">
            <Shape><Polygon POINTS="329 1658 327 1678 1654 1706 1657 1678 1655 1649 474 1638 329 1625 329 1658"/></Shape>
	    <String CONTENT="avec les services de Sunderland House, et notament avec leur chef"
                    HPOS="327.0"
                    VPOS="1625.0"
                    WIDTH="1330.0"
                    HEIGHT="81.0"></String>
          </TextLine>

          
          
          <TextLine ID="eSc_line_ef582eb1"
                    
                    BASELINE="327 1726 1586 1746" 
                    HPOS="326.0"
                    VPOS="1700.0"
                    WIDTH="1260.0"
                    HEIGHT="75.0">
            <Shape><Polygon POINTS="327 1726 326 1746 377 1757 379 1757 496 1750 503 1750 507 1750 578 1761 580 1761 622 1752 624 1752 628 1752 725 1763 727 1763 774 1753 780 1753 791 1753 928 1766 930 1766 1009 1757 1012 1757 1016 1757 1078 1768 1080 1768 1161 1761 1181 1770 1183 1770 1185 1770 1229 1763 1247 1772 1249 1772 1251 1772 1371 1766 1470 1775 1472 1775 1584 1764 1586 1746 1584 1719 327 1700 327 1726"/></Shape>
	    <String CONTENT="Sir Eric Drummond, qui m’a plus ou moins connu jadis à Londres."
                    HPOS="326.0"
                    VPOS="1700.0"
                    WIDTH="1260.0"
                    HEIGHT="75.0"></String>
          </TextLine>

          
          
          <TextLine ID="eSc_line_d63a459c"
                    
                    BASELINE="331 1790 1621 1814" 
                    HPOS="329.0"
                    VPOS="1766.0"
                    WIDTH="1292.0"
                    HEIGHT="75.0">
            <Shape><Polygon POINTS="331 1790 329 1818 1617 1841 1621 1814 1619 1785 331 1766 331 1790"/></Shape>
	    <String CONTENT="Ces services constituent un état-major international dont je vous"
                    HPOS="329.0"
                    VPOS="1766.0"
                    WIDTH="1292.0"
                    HEIGHT="75.0"></String>
          </TextLine>

          
          
          <TextLine ID="eSc_line_321176bb"
                    
                    BASELINE="327 1858 1564 1880" 
                    HPOS="326.0"
                    VPOS="1830.0"
                    WIDTH="1238.0"
                    HEIGHT="70.0">
            <Shape><Polygon POINTS="327 1858 326 1878 1560 1900 1564 1880 1562 1850 327 1830 327 1858"/></Shape>
	    <String CONTENT="envoie ci-joint la très-intéressante XXXXX et nombreuse liste."
                    HPOS="326.0"
                    VPOS="1830.0"
                    WIDTH="1238.0"
                    HEIGHT="70.0"></String>
          </TextLine>

          
          
          <TextLine ID="eSc_line_2007522e"
                    
                    BASELINE="329 1920 1644 1949" 
                    HPOS="327.0"
                    VPOS="1885.0"
                    WIDTH="1317.0"
                    HEIGHT="99.0">
            <Shape><Polygon POINTS="329 1920 327 1955 606 1962 608 1962 609 1962 611 1962 626 1953 714 1964 718 1964 719 1964 721 1964 723 1964 738 1955 881 1968 904 1969 906 1969 915 1969 979 1958 1056 1971 1067 1973 1069 1973 1110 1973 1397 1968 1425 1979 1426 1979 1428 1979 1560 1971 1641 1984 1644 1949 1643 1915 1401 1918 1371 1909 1370 1909 1368 1909 992 1909 827 1896 826 1896 824 1896 820 1896 415 1896 329 1885 329 1920"/></Shape>
	    <String CONTENT="C&#39;est toute une administration nouvelle qui demande à vivre ; c’est"
                    HPOS="327.0"
                    VPOS="1885.0"
                    WIDTH="1317.0"
                    HEIGHT="99.0"></String>
          </TextLine>

          
        </TextBlock>
        
      </PrintSpace>
    </Page>
  </Layout>
</alto>
