1761 2197
874 128 97 69 - 2 -

313.0 258.0 1284.0 78.0 l’Angleterre, afin de ne faire mon voyage que bien d’accord avec

315.0 335.0 1259.0 67.0 mon Gouvernement et sans mystère pour le Foreign office. Après

313.0 410.0 1264.0 55.0 quoi, j’ai pris mon train et goûté la mélancolie et le recueil-

315.0 479.0 1143.0 53.0 lement bienfaisant d’un voyage solitaire. J'ai trouvé en

315.0 540.0 1260.0 66.0 arrivant un mot de Lord Robert Cecil me convoquant pour le len-

315.0 615.0 1185.0 53.0 demain Lundi à 3 heures, au siège provisoire de la Ligue ou

318.0 684.0 1274.0 55.0 Société des Nations, 17 Piccadilly, annexe de Sunderland House.

320.0 754.0 1200.0 51.0 Cela m’a donné le temps de voir, à l’Ambassade, notre chargé

318.0 816.0 1301.0 60.0 d’affaires, M. de Fleuriau , qui s’intéresse sincèrement, quoique

318.0 887.0 1219.0 50.0 diplomate, à la Société des Nations et j’ai déjeuné avec lui.

318.0 952.0 1281.0 60.0 Il m'a conduit ensuite à Sunderland House. Je voulais constater

318.0 1021.0 1098.0 55.0 de mes yeux que le rêve d’avant la guerre se réalisait.

667.0 1078.0 932.0 68.0 La réalisation est ambitieuse et de bon augure

315.0 1144.0 1264.0 66.0 pour l’avenir. Quelle différence avec les pauvres débuts de la

320.0 1212.0 1277.0 73.0 Cour de La Haye ! La Société des Nations est, -provisoirement,-

320.0 1276.0 1318.0 66.0 logée dans l'un des plus beaux palais de Londres, et quel palais ?

320.0 1347.0 1243.0 70.0 Ironie de la destinée ou signe des temps ? Peu importe, c’est

320.0 1413.0 1239.0 66.0 celui du duc de Marlborough, le vainqueur du Roi Louis XIV, le

317.0 1484.0 1299.0 63.0 héros légendaire de notre vieille chanson "Malbrouck s’en va-t-en

320.0 1547.0 1294.0 71.0 guerre !" Et ce vaste palais, déjà trop petit, les services de la

852.0 1528.0 95.0 53.0 est

315.0 1612.0 1262.0 72.0 nouvelle organisation entendant si bien l'occuper qu'il a fallu

317.0 1686.0 1299.0 58.0 lui adjoindre un autre immeuble, celui où Lord Robert Cecil s’est

315.0 1750.0 566.0 69.0 tant bien qu/e mal installé.

667.0 1816.0 941.0 71.0 Je n'en croyais pas mes yeux. Quel changement,

313.0 1885.0 1202.0 70.0 pour qui connaît bien Londres et les Anglais ! Dans l'un des
