1759 2197
553.0 56.0 500.0 73.0 ££ ££ ££ ££ ££

815.0 129.0 385.0 77.0 (££ ££ ££ ££ ££)

1260.0 102.0 326.0 77.0 ££ ££ ££ ££

194.0 197.0 234.0 81.0 SÉNAT

1346.0 155.0 119.0 68.0 ££

351.0 444.0 1111.0 83.0 CONCERNANT L'INSUFFISANCE DE NOS MOYENS DE TRANSPORT ET

505.0 378.0 816.0 76.0 Voeu de Mr. d'ESTOURNELLES de CONSTANT ,

491.0 521.0 813.0 75.0 LES NEGLICENCES DE NOTRE ADMINISTRATION.

1004.0 770.0 218.0 74.0 Messieurs,

337.0 977.0 1282.0 66.0 et de l'écrasement de l'autocratie militaire prussienne, le len-

672.0 906.0 933.0 64.0 En dépit de la libération de l'Alsace-Lorraine

335.0 1049.0 1266.0 60.0 demain de notre victoire menace d'être pour la France une grave

335.0 1114.0 1246.0 74.0 déception, à beaucoup de points de vue. Je ne parle pas de ce

337.0 1193.0 1227.0 61.0 que nous avons perdu, ni des impôts qui nous attendent, ni de

337.0 1246.0 1286.0 74.0 l'élévation du prix des salaires, des matériaux, de toute la vie

335.0 1320.0 1227.0 65.0 enfin ; je constate seulement que la production nationale est

335.0 1384.0 1303.0 77.0 paralysée ; le désordre au temps de guerre survit à la guerre ; la

337.0 1461.0 1262.0 60.0 coopération entre les pouvoirs publics et la population tarde à

337.0 1526.0 1286.0 68.0 s'établir ; le commerce ne reprend pas. Nous avons commencé par

333.0 1580.0 1323.0 76.0 accuser trop facilement nos Alliés d'être la cause de tout le mal;

335.0 1658.0 1266.0 70.0 ils sont rentrés chez eux aussi mécontents que nous-mêmes et le

333.0 1726.0 1268.0 68.0 mal s'est naturellement aggravé. Le Gouvernement s’efforce, il

337.0 1788.0 1282.0 77.0 est vrai, de réagir et je ne lui attribue pas toutes les respon-

333.0 1850.0 1325.0 83.0 sabilités ; je crois au contraire qu’un changement de gouvernement

333.0 1927.0 1246.0 70.0 est insignifiant, si nous ne changeons pas nous-mêmes, par une

333.0 1984.0 986.0 72.0 vigilance incessante, nos mœurs administratives.
