1769 2197
842.0 161.0 104.0 49.0 - 2 -

333.0 278.0 1331.0 95.0 matie anglaise à la conférence ; il m’a affirmé qu’il entendait non

333.0 353.0 1273.0 82.0 pas monopoliser à Londres la Société des Nations, mais préparer

335.0 421.0 1307.0 80.0 son organisation le plus tôt possible à Genève, si les Suisses en

335.0 481.0 1285.0 84.0 veulent. Il a accepté les propositions de M. Bourgeois quant aux

333.0 549.0 1287.0 80.0 réunions préparatoires à Bruxelles et s’est montré très désireux

329.0 616.0 1247.0 81.0 de dissiper ou d’atténuer mes appréhensions. Lord GREY, que je

331.0 682.0 1302.0 90.0 voulais voir également, était en Ecosse. Je retournerai à Londres

327.0 746.0 669.0 85.0 avant son départ pour Washington.

796.0 864.0 277.0 60.0 Votre dévoué,

759.0 952.0 673.0 80.0 signé : d'ESTOURNELLES de CONSTANT

190.0 1116.0 1117.0 77.0 P. S. Excusez ce mot dicté : je suis un peu souffrant.
