1739 2197
194.0 225.0 286.0 88.0 SÉNAT

674.0 164.0 330.0 79.0 LETTRE N° 554 .

1037.0 296.0 456.0 79.0 PARIS, le 29 juin 1919

518.0 527.0 601.0 82.0 LA SIGNATURE de la PAIX .

835.0 728.0 334.0 68.0 Mon cher Butler,

540.0 886.0 1114.0 77.0 Sur la "SAVOIE", où je suis installé depuis hier soir et

403.0 953.0 1240.0 66.0 en attendant le dîner, je vous écris cette dernière lettre qui

403.0 1028.0 1259.0 65.0 met fin, le lendemain du jour où la paix est enfin signée, à ma

403.0 1087.0 1180.0 73.0 correspondance de la guerre. Correspondance de bientôt cinq

399.0 1164.0 1239.0 64.0 ans! Qui l'eût dit, quand nous vous fêtions à Paris au restau-

401.0 1222.0 1218.0 72.0 rant Ledoyen, avec Madame et Mademoiselle BUTLER et toute une

401.0 1288.0 595.0 59.0 élite d'amis de tous les pays.

535.0 1362.0 1099.0 58.0 Et quels vont être les lendemains de cette guerre? Tou-

395.0 1418.0 1237.0 70.0 jours l'inconnu, mais après quels deuils, quelles destructions

397.0 1490.0 1276.0 62.0 irrépar(a)bles ; - Attendons et tâchons , comme auparavant, de pré-

395.0 1550.0 1261.0 68.0 venir ou d’atténuer tout ce que la bêtise et la méchanceté peu-

392.0 1627.0 1138.0 59.0 vent laisser faire ou susciter de misère au pauvre monde.

392.0 1693.0 1240.0 66.0 Mon voyage ne sera pas inutile, - si tardif soit-il ; à ceux de

388.0 1757.0 665.0 61.0 nos amis que je verrai, je dirai:

527.0 1808.0 999.0 88.0 Oui, le traité est insuffisant, mais c'est la/paix;

152.0 1909.0 804.0 73.0 à Monsieur le Président N. Murray BUTLER

384.0 1990.0 187.0 64.0 NEW YORK
