1741 2197
863.0 206.0 89.0 52.0 - 2 -

417.0 333.0 1177.0 58.0 tâchons de l’améliorer pour qu’elle dure. Et pour arriver à

416.0 400.0 1240.0 55.0 l'améliorer, commençons par le faire vivre, par le voter et le

414.0 468.0 198.0 59.0 ratifier.

547.0 538.0 1128.0 58.0 Je sens très nettement qu'en évitant de me servir de mon

410.0 596.0 1265.0 63.0 voyage pour ou contre un parti, en France et aux Etats-Unis, et

408.0 670.0 1234.0 58.0 en m’attachant à tout ce qui pourra rétablir vraiment la paix,

408.0 732.0 1184.0 64.0 je ferai une bonne action dont personne ne pourra me savoir

406.0 794.0 259.0 68.0 mauvais gré.

540.0 860.0 1111.0 70.0 A mon retour en France, dans un mois, je retrouverai le

410.0 931.0 1200.0 59.0 Parlement en pleine discussion du traité, mais après l’avoir

408.0 999.0 1219.0 66.0 critiqué, comme je l'ai fait moi-même, on le votera. On a une

405.0 1069.0 1204.0 55.0 telle soif de paix, de retour à la vie normale! Et cette vie

401.0 1133.0 1186.0 66.0 normale reprend ; elle va reprendre moins lentement, la paix

403.0 1190.0 1277.0 69.0 étant enfin signée et quelles que puissent être ses difficulté/s

401.0 1255.0 1264.0 77.0 d’exécution. A Paris, tout est à la joie, joie sérieuse relati-

401.0 1331.0 1222.0 65.0 vement mais joie quand même. Les courses d'Auteuil ont repris

401.0 1398.0 1239.0 57.0 comme avant la guerre. C'était dimanche dernier le grand prix;

401.0 1464.0 1222.0 68.0 jamais il n’avait plus brillant. Tout Paris y était, on a re-

740.0 1435.0 99.0 42.0 été

401.0 1528.0 1274.0 70.0 commencé à parier, à étaler les toilettes les plus sensationnel-

397.0 1598.0 1243.0 57.0 les, les automobiles du plus grand luxe. Aujourd'hui, c'est le

394.0 1656.0 1222.0 74.0 grand prix de Longchamps ; le grand événement qui terminait la

394.0 1724.0 1293.0 73.0 saison de Paris jadis, mais qui n’en était plus qu’un des attraits

394.0 1790.0 740.0 71.0 quelques années déjà avant la guerre.

531.0 1854.0 1045.0 84.0 Au Havre, je vois la jolie station de Sainte-Adresse
