1761 2197
855.0 122.0 105.0 81.0 - 6 -

320.0 259.0 1303.0 66.0 d’autrefois transmise à notre ravissement par le génie d'un poète

322.0 325.0 1241.0 63.0 et d'un peintre. Ce que je sais bien nettement, c’est qu’elle

322.0 410.0 1281.0 53.0 portait le nom du Duc de Marlborough et que je l’ai vue reine de

326.0 466.0 1235.0 63.0 ce palais aujourd’hui démeublé mais riche encore de son archi-

326.0 536.0 1330.0 62.0 tecture victorieuse, de ses décorations du dix-septième siècle.....

328.0 611.0 1214.0 60.0 Quelle influence ont exercé, en Angleterre et dans toutes les

322.0 675.0 1222.0 60.0 Cours, les femmes sur la politique, sur la paix et la guerre !

322.0 745.0 1301.0 62.0 Combien de fois ai-je pensé qu’il fallait au luxe britannique non

318.0 809.0 1322.0 64.0 pas seulement de généreuses révoltes contre l’ambition des conqué-

320.0 878.0 1244.0 64.0 rants/européens, mais un jour ou l’autre une ambition non moins

321.0 944.0 1337.0 62.0 impérialiste dévorante. Et quel plus grand luxe au monde que celui

544.0 917.0 51.0 47.0 et

320.0 1012.0 1320.0 71.0 d’une femme anglaise à la mode! C’est un luge auquel les démocra-

322.0 1078.0 1334.0 73.0 ties ne craignent pas maintenant d’aspirer. Sans parler des Améri-

320.0 1147.0 1338.0 70.0 caines, les belles Anglaises, en tous cas, ne voudront jamais d’une

318.0 1210.0 1300.0 69.0 vie simple ; il leur faut la domination. Elles abandonneront des

315.0 1279.0 1000.0 70.0 palais, mais pour les échanger contre des Empires.

723.0 1506.0 913.0 77.0 Malgré tout, c'est un signe des temps de voir

313.0 1576.0 1372.0 86.0 l'aristocratie anglaise loger la Société des Nations, s'y intéresser,

311.0 1640.0 1301.0 77.0 et le très noble Lord Robert Cecil, avec Lord Grey, lui servir de

307.0 1706.0 1322.0 79.0 parrains. Comprendront-ils qu'elle doit vivre dans l’indépendance

309.0 1772.0 1279.0 86.0 ou ne pas vivre ? Appartenir à tout le monde et non à eux seuls

307.0 1843.0 1406.0 92.0 ou à eux surtout. Renonceront-ils à leur tendance à tout insulariser ?
