1761 2197
925.0 126.0 104.0 68.0 - 3 -

366.0 248.0 1263.0 88.0 c’est dur ! C’est ce que je viens encore de faire hier au Mans,

362.0 325.0 1228.0 75.0 à mon conseil Général. J'ai fait adopter des voeux, non sans

362.0 395.0 1248.0 68.0 peine. J'ai signalé des monstruosites qu'on accepte comme des

368.0 450.0 1281.0 84.0 inconvénients naturels, par exemple l’état d’abandon de milliers

362.0 523.0 1265.0 90.0 d’automobiles américaines, en plein air, depuis des mois, alors

362.0 602.0 645.0 60.0 que nous en aurions tant besoin.

736.0 670.0 960.0 80.0 Voici l’exposé de ce dernier voeu, -ab uno disce

362.0 730.0 1166.0 81.0 omnes: - celui-là se rattache directement à mon voyage aux

359.0 796.0 1248.0 77.0 Etats-Unis ; il vous édifiera sur l'énormité de l'effort qu'il

360.0 856.0 1281.0 97.0 faudrait poursuivre pour libérer la France du joug de la routine

357.0 935.0 623.0 62.0 et de l'égoïsme réactionnaires.

1004.0 1038.0 586.0 86.0 Votre affectueusement dévoué,

1028.0 1124.0 436.0 89.0 ££ ££ ££

207.0 1351.0 943.0 91.0 à Monsieur le Président Nicholas Murray BUTLER,

599.0 1437.0 198.0 67.0 NEW-YORK.

203.0 1746.0 192.0 77.0 1 annexe.
