1753 2197
886.0 139.0 128.0 44.0 - 2 -

338.0 270.0 1316.0 57.0 fort à faire. Je voudrais me désintéresser de nos luttes locales.

340.0 335.0 1242.0 71.0 C’est impossible. Le problème se pose ici comme dans toute la

337.0 406.0 1285.0 66.0 France. Notre régime républicain ne cesse d’y être combattu par

338.0 466.0 1312.0 81.0 les partisans divers d'une réaction quelle qu’elle soit. Il n'est

335.0 541.0 1267.0 68.0 plus question d’une réaction césarienne ou royaliste et l'atti-

337.0 602.0 1198.0 77.0 tude de nos généraux en chef a été irréprochable, admirable.

333.0 668.0 1304.0 75.0 Nul n'oserait attaquer de front, devant nos populations, la forme

333.0 739.0 1207.0 77.0 de notre régime républicain, mais on se rattrape en essayant

333.0 805.0 1302.0 82.0 d’en faire disparaitre l'esprit. On cherche à dégoûter la France

333.0 871.0 1299.0 81.0 de se gouverner elle-même, alors qu’il faudrait au contraire lui

331.0 942.0 1246.0 81.0 donner conscience de ses responsabilités et l’habituer, jusque

331.0 1006.0 1257.0 87.0 dans la plus humble de ses communes, à faire acte d’initiative.

762.0 1080.0 849.0 80.0 Après cette guerre terrible, et ces décep-

331.0 1138.0 1220.0 77.0 tions et ces douleurs et ces pertes, on essaie d’endormir les

329.0 1210.0 1217.0 82.0 énergies indiv/iduelles qu'il faudrait au contraire stimuler.

329.0 1277.0 1202.0 86.0 J'ai été frappé bien péniblement, à mon retour, du contraste

326.0 1345.0 1241.0 77.0 effrayant entre l'activité qui anime partout les Etats-Unis et

322.0 1404.0 1348.0 97.0 la trop naturelle lassitude de nos populations surmenées, diminuées,

322.0 1479.0 1266.0 82.0 de plus en plus clairsemées. J'admire que le sol reste si bien

322.0 1547.0 1222.0 86.0 cultivé par un si petit nombre de bras, et sans le secours de

318.0 1614.0 727.0 72.0 grandes entreprises bien organisées.

754.0 1673.0 865.0 97.0 Cet esprit d’'entreprise manquant, le désor-

318.0 1739.0 1262.0 95.0 dre administratif règne sans contrepoids, quelque soit le génie

318.0 1816.0 1319.0 84.0 individuel de chacun. Je ne cesse de protester contre ce désordre

316.0 1880.0 1261.0 89.0 et de faire appel à l'esprit public dans mon pays. Mais comme
