1761 2197
197.0 186.0 229.0 103.0 SÉNAT

804.0 142.0 308.0 83.0 LETTRE N° 568.

1081.0 294.0 579.0 84.0 PARIS,  ££ ££ 1919.

511.0 503.0 890.0 77.0 ET LE RAPPORT GÉNÉRAL de M. Léon BOURGEOIS.

626.0 430.0 640.0 82.0 LE TRAITÉ DE PAIX AU SÉNAT

907.0 681.0 335.0 67.0 Mon cher Butler,

293.0 913.0 1226.0 62.0 le remarquable rapport général que M. Léon BOURGEOIS vient de

608 833 1004 80 Je vous envoie ci-joint, en plusieurs exemplaires,

1227 801 50 70 2.

293.0 983.0 1222.0 64.0 déposer devant le Sénat, au nom de la Commission des Affaires

291.0 1039.0 1262.0 70.0 Etrangères qui a été unanime à l'aprouver. Vous trouverez, en

295.0 1103.0 1258.0 81.0 première page du rapport, la composition de cette Commission où

296.0 1179.0 1334.0 69.0 figurent la plupart des personnalités en vue de la Haute Assemblée.

291.0 1303.0 1301.0 71.0 me revolte ou je me lamente intérieurement quand je vois la cause

586.0 1241.0 989.0 79.0 Je ne partage pas la sérénité de M. Bourgeois ; je

293.0 1380.0 1279.0 64.0 qui m’est chère insuffisamment servie ou même trahie ; j’ai donc

291.0 1440.0 1299.0 83.0 lu ce rapport avec bien des préventions misanthropiques ; je suis

289.0 1512.0 1264.0 68.0 obligé de reconnaître qu’en dépit de beaucoup d’atténuations et

289.0 1576.0 1341.0 79.0 de lacunes regrettables, il nous présente une analyse très complète

289.0 1645.0 1283.0 77.0 et cependant très haute du traité de paix. C’est un monument de

287.0 1709.0 1320.0 79.0 travail, un manuel infiniment pratique et même commode de vulgari-

284.0 1779.0 1282.0 77.0 sation, en même temps qu’un exposé très encourageant des progrès

284.0 1839.0 1352.0 90.0 acquis et à poursuivre au bénéfice de l’organisation internationale,

124.0 2002.0 938.0 83.0 à Monsieur le Président Nicholas Murray BUTLER.
