1726 2197
568.0 108.0 307.0 82.0 LETTRE N° 552.

185.0 214.0 238.0 75.0 SÉNAT

1103.0 302.0 467.0 78.0 PARIS, le 24 juin 1919

564.0 494.0 608.0 93.0 LA SIGNATURE de la PAIX. -

819.0 743.0 338.0 66.0 Mon cher Butler,

366.0 939.0 1217.0 73.0 Gouvernement Français que l’Allemagne accepte sans conditions

522.0 867.0 1011.0 68.0 La délégation allemande a fait savoir hier soir au

360.0 994.0 475.0 66.0 la signature du traité.

518.0 1067.0 1068.0 73.0 Cette nouvelle a été accueillie à Paris avec joie, au

360.0 1135.0 1243.0 69.0 bruit des salves d’artillerie, des cloches, des sirènes et des

359.0 1199.0 1290.0 69.0 orchestres improvisés. Les rues pavoisées retentissent des chants

357.0 1268.0 1226.0 75.0 de ££a foule, manifestant son allégresse par des danses et des

359.0 1338.0 866.0 68.0 cris de vive la France, viv/ent les alliés!

514.0 1407.0 1105.0 66.0 La signature de la paix aura lieu solennellement à Ver-

355.0 1471.0 1193.0 68.0 sailles, aussitôt l’arrivée des plénipotentiaires allemands,

351.0 1537.0 1224.0 74.0 avant la fin de la semaine. Elle sera célébrée par de grandes

351.0 1601.0 295.0 59.0 fêtes à Paris.

507.0 1660.0 1044.0 82.0 Je viens de téléphoner ces heureuses nouvelles, à la

348.0 1719.0 1145.0 88.0 première heure à la Flèche, pour m’associer à la joie des

146.0 1821.0 814.0 79.0 à Monsieur le Président N. Murray BUTLER

340.0 1898.0 185.0 71.0 NEW YORK
