1763 2197
896.0 133.0 113.0 59.0 - 2 -

317.0 287.0 1284.0 71.0 d'être à peu près seul pour tout ce qui concerne la direction de

315.0 362.0 1270.0 59.0 mon parti. Je ne tiens pas à être un chef, mais je suis obligé

315.0 428.0 1284.0 66.0 d'être un guide. La fête, favorisée par le temps magnifique que

313.0 503.0 1228.0 57.0 nous avons eu tout cet été, a beaucoup ému la population. Je

315.0 569.0 1279.0 68.0 vous signale c/ette impression parce qu’elle est, pour l’avenir,

317.0 626.0 1356.0 77.0 d'un très bon augure. S’il est vrai, ici plus que partout ailleurs,

317.0 703.0 1323.0 65.0 que nul n'est prophète dans son pays, je constate que ma situation

315.0 770.0 1288.0 64.0 politique à Clermont-Créans, et à plus forte raison au-delà, est

318.0 836.0 1360.0 81.0 bien meilleure que je ne pensais.- C’est également l’impression que

313.0 906.0 1209.0 71.0 je rapporte de chacune de mes visites en automobile dans bon

313.0 964.0 1290.0 74.0 nombre de localistés de la région, que j'avais dû négliger pendant

313.0 1034.0 1281.0 75.0 cette longue guerre, et où je reçois un aussi bon accueil qu’aux

313.0 1098.0 1286.0 84.0 Etats-Unis. C'est tout vous dire !!! Nous sommes loin des pre-

309.0 1162.0 1301.0 84.0 mières semaines de la guerre. Puissè-je avoir le plaisir de vous

309.0 1230.0 1322.0 90.0 recevoir de nouveau, avec votre famille, comme par le passé, l'éte

304.0 1298.0 969.0 84.0 prochain et à Créans et à la Mairie de Clermont.

956.0 1407.0 588.0 79.0 Votre affectueusement dévoué,

1101.0 1466.0 225.0 84.0 ££

190.0 1590.0 953.0 83.0 à Monsieur le Président Nicholas Murray BUTLER,

591.0 1664.0 202.0 77.0 NEW-YORK.

196.0 1957.0 194.0 71.0 1 annexe.
