1759 2197
850.0 124.0 104.0 81.0 - 4 -

386.0 267.0 1186.0 60.0 par une offense publique et dérisoire à la mémoire du mari

386.0 335.0 1308.0 64.0 mort pour la patrie; qu’on ne lui inflige pas la honte d’inscri-

390.0 399.0 1229.0 60.0 re le bâtard à son nom ; que la loi ne fasse pas de ce bâtard

390.0 477.0 1248.0 52.0 le frère légitime des enfants nés avant lui ; qu’elle ne fasse

388.0 536.0 1213.0 68.0 pas du vol et de l'outrage un droit ! Vaine démarche... Mon

388.0 607.0 1273.0 63.0 secrétaire est obligé de considérer comme vivant, et par consé-

390.0 673.0 1227.0 72.0 quent comme seul responsable, le mari absent, presque certai-

388.0 746.0 1151.0 66.0 nement mort, aussi longtemps qu’il n’aura pas été reconnu

388.0 816.0 553.0 57.0 régulièrement comme décédé.

745.0 878.0 275.0 66.0 C'est la loi.

743.0 950.0 829.0 69.0 En vain Bouffard vient affirmer lui-même,

390.0 1003.0 1286.0 84.0 d'accord avec la jeune femme, sa paternité. En vain appuie-t-il

388.0 1076.0 1211.0 70.0 ainsi la démarche des grands-parents et réclame-t-il que son

390.0 1153.0 1226.0 64.0 enfant porte son nom à lui ! C’est impossible. Tout le monde

388.0 1221.0 1248.0 64.0 est d'accord pour que l'enfant du vagabond ne porte pas le nom

388.0 1279.0 1187.0 84.0 du mari disparu. C'est pourtant ce qu'on ne peut éviter et

388.0 1343.0 1184.0 81.0 l’enfant est inscrit sur les registres de l'Etat civil sous

388.0 1424.0 1184.0 69.0 le nom de Martin, fils de Martin. C'est ainsi. Et pour la

384.0 1488.0 1206.0 73.0 France peu importe, pourvu qu’elle compte un enfant de plus!

384.0 1614.0 1226.0 86.0 pendant cinquante années de paix, à des moeurs tranquilles et

742.0 1554.0 885.0 71.0 Les gens qui avaient essayé de s'accoutumer,

384.0 1689.0 1219.0 72.0 familiales, n'o(n)t plus qu’à rire de leur naïveté d’autrefois.

382.0 1752.0 931.0 84.0 L'absurde est devenu la loi ; c'est la guerre!
