1763 2197
881 150 99 60 - 2 -

361 263 1270 73 de l'Italie et de la plupart des autres nations, nous en sommes

361 347 1292 74 arrivés à enregistrer DEUX FOIS MOINS DE NAISSANCES QUE DE DECES

361 415 164 81 PAR AN:

857 461 209 80 ££

571 609 246 92 ££

584 684 215 72 ££

1176 624 422 101 ££ ££ ££

588 745 201 73 ££

1176 693 114 75 ££

591 809 129 73 ££

1176 765 68 64 ££

610 873 123 90 ££

1182 825 62 84 ££

491 1014 964 119 ££ ££ ££ ££ ££ ££ ££ ££

485 1103 640 87 ££ ££ ££ ££ ££

586 1363 1010 72 Aujourd'hui, la seule industrie qui reste vraiment

370 1433 1228 73 prospère, en France, après celle de la guerre, est celle des

372 1503 1227 75 monuments funèbres. Les cimetières vont devenir plus habités

377 1581 627 59 et plus vivants que les villes.

593 1636 1049 70 Quand il naît un enfant, c'est toute une affaire! Il

372 1706 1211 71 y a la question des logements, celle des médecins, des sage-

377 1770 1298 64 femmes, des nourrices qu'il faut payer, aux prix de la vie chère.

375 1849 1226 64 Il y a la question du lait. Il y aura ensuite la question de
