1737 2197
791.0 175.0 112.0 61.0 - 2 -

311.0 261.0 1284.0 68.0 depuis mon arrivée aux Etats-Unis jusqu’à mon départ, Nous avons

313.0 342.0 1301.0 60.0 vraiment, vous et moi, un seul et même bureau divisé en deux par-

315.0 406.0 1297.0 57.0 ties pr/esque interchangeables, des deux côtés de l'océan, l'un à

315.0 470.0 1279.0 62.0 Paris, l'autre à New York, avec annexes à Washington et dans les

315.0 536.0 1315.0 62.0 principaux centres des Etats-Unis. Je l'ai éprouvé déjà en 1907 et

315.0 611.0 1280.0 51.0 en 1911, mais cette fois plus encore et je serais bien ingrat si

315.0 679.0 1321.0 55.0 je n'ajoutais que j'ai été heureux de voir mon fils accueilli com-

313.0 746.0 1339.0 55.0 me moi-même. Son voyage bien précieux pour lui, n'aura pas été inu-

315.0 801.0 1319.0 74.0 tile ; il a créé un lien de plus entre lui et moi d'abord, puis en-

315.0 875.0 648.0 60.0 tre nous et mes amis américains.

491.0 935.0 1104.0 60.0 J'ai tenu à résumer cette rapide visite d'à peine trois

313.0 1005.0 1350.0 62.0 semaines aux Etats-Unis. Elle a été officielle en un sens et privée.

313.0 1078.0 1266.0 58.0 Officielle, puisque je ne l'ai faite qu'à la demande de M. Léon

315.0 1149.0 1317.0 57.0 BOURGEOIS, d'accord avec notre Ministre des Affaires Etrangères et

309.0 1202.0 1264.0 70.0 notre Président du Conseil ; elle avait pour objet de rappeler à

315.0 1277.0 1280.0 54.0 mes amis américains, ce que vous savez,XX vous, si bien, le prix

316.0 1336.0 1296.0 66.0 que nous attachons en France, en dépit des bavardages de la médi-

316.0 1413.0 1256.0 51.0 sance, à l'organisation solide de nos bonnes relations avec les

313.0 1470.0 1301.0 64.0 Etats-Unis. Elle a été privée, puisque je n'avais aucune instruc-

315.0 1539.0 1299.0 62.0 tion et devais me borner à voir mes amis personnels. En sorte que

315.0 1605.0 1321.0 62.0 je n’aperçois aucun inconvénient, au contraire, à vous communiquer,

313.0 1673.0 1317.0 60.0 à titre personnel, le journal que j'ai écrit pour moi de mon/voyage

311.0 1737.0 1299.0 66.0 et dont j'ai naturellement remis un premier exemplaire à M. BOUR-

313.0 1807.0 1303.0 56.0 GEOIS, en attendant que j'en/remette un autre à M. PICHON, pour la

311.0 1872.0 1372.0 72.0 forme, car il a d'autres lectures plus urgentes à faire que celle-la.
