1737 2197
820.0 140.0 301.0 72.0 LETTRE N° 557.

170.0 216.0 247.0 87.0 SÉNAT

1159.0 259.0 416.0 92.0 PARIS, 11 Août 1919

606.0 399.0 663.0 84.0 LA MORT DE M. Andrew CARNEGIE .

963.0 562.0 341.0 73.0 Mon cher Butler,

731.0 737.0 853.0 55.0 J'apprends par les journaux la nouvelle de

353.0 798.0 1246.0 66.0 la mort de M. Andrew CARNEGIE. J'ai télégraphié ce qui suit à

353.0 876.0 343.0 55.0 Madame CARNEGIE.

480.0 979.0 1084.0 46.0 "efforts Andrew Carnegie to prevent war and to help us

586.0 935.0 1017.0 64.0 We receive sad news. Will never forget generous

485.0 1016.0 1136.0 51.0 "against barbarian agression stop. We shall remain always

485.0 1047.0 916.0 46.0 "your faithful and gratefully devoted friends.

1013.0 1078.0 487.0 60.0 DESTOURNELLES CONSTANT "

359.0 1136.0 1198.0 65.0 Une lettre presonnelle que j’avais reçue de Madame CARNEGIE,

360.0 1213.0 1226.0 50.0 le mois dernier, pendant mon séjour à New-York, ne me faisait

360.0 1276.0 1234.0 66.0 pas prévoir cette fin rapide ; au contraire et j’appréhendais

360.0 1338.0 1206.0 66.0 pour cet homme d'une activité si généreuse, une lente agonie

360.0 1402.0 1168.0 73.0 d'impuissance. Je respire pour lui en apprenant qu’il est

360.0 1475.0 433.0 59.0 sauvé de ce supplice.

359.0 1612.0 1224.0 61.0 Madame CARNEGIE pour tenter de la voir et lui demander de ses

718.0 1537.0 848.0 70.0 Dès mon arrivée à New-York j'avais écrit à

359.0 1671.0 1189.0 73.0 nouvelles. Comme toujours cete femme de devoir, qui a été

359.0 1748.0 1242.0 55.0 vraiment sa compagne et sa collaboratrice, m’a répondu exacte-

357.0 1810.0 1246.0 72.0 ment et affectueusement, regrettant son absence de New-York, et

139.0 1969.0 943.0 76.0 à Monsieur le Président Nicholas Murray BUTLER.
