1770 2197
212.0 75.0 535.0 82.0 Annexe à ma lettre N°563.

888.0 119.0 141.0 71.0 COPIE.

194.0 170.0 240.0 110.0 SÉNAT

1106.0 243.0 493.0 77.0 PARIS, 5 Septembre 1919.

725.0 413.0 436.0 72.0 Monsieur le Maréchal,

373.0 611.0 1243.0 73.0 Etats-Unis, auprès d’un certain nombre de mes amis personnels,

588.0 545.0 1020.0 64.0 Au cours de la mission que je viens de remplir aux

370.0 675.0 1295.0 75.0 j’ai constaté qu’il n’était que trop nécessaire de réagir contre

371.0 752.0 1325.0 62.0 le langage de certains milieux français, affichant autant d'injus-

371.0 816.0 1212.0 75.0 tice que d'ingratitude à l'égard de nos alliés, quels qu’ils

368.0 886.0 1215.0 69.0 soient, et particulièrement des Américains. Vous ne manquez

366.0 952.0 1314.0 78.0 jamais une occasion de remettre les choses au point ; vos lettres

366.0 1014.0 1251.0 79.0 à M. Lloyd George et votre récent discours au Général Pershing

368.0 1085.0 1312.0 77.0 ont été des actes et des manifestations essentielles. Ce dernier

368.0 1151.0 1224.0 82.0 discours me rappelle que j’ai promis à beaucoup d’Américains,

364.0 1222.0 1129.0 79.0 notament à l'ancien Ambassadeur des Etats-Unis à Paris,

366.0 1287.0 1273.0 84.0 Mr. Myron Herrick, qui fait en notre faveur la plus active cam-

362.0 1354.0 1309.0 97.0 pagne, d'insister auprès de vous pour que vous veniez aux Etats(p)

368.0 1424.0 117.0 66.0 Unis.

359.0 1556.0 1257.0 89.0 n’en dirais pas autant d'autres visites,- et, si elle est bien

641.0 1488.0 894.0 86.0 Votre visite est attendue passionnément,- je

357.0 1629.0 1292.0 80.0 préparée, au moment opportun, après la crise actuelle de la dis-

359.0 1695.0 1251.0 75.0 cussion du traité de paix, elle fera infiniment de bien. Dans

364.0 1755.0 1318.0 83.0 le cas où vous la jugeriez possible et opportune je serai heureux

359.0 1801.0 1264.0 70.0 d'aller vous voir et d'en causer avec vous, quand vous passerez

360.0 1832.0 173.0 55.0 à Paris.

362.0 1893.0 929.0 75.0 haute considération et bien fidelement devoués.

641.0 1867.0 986.0 73.0 Croyez, Monsieur le Maréchal, à mes sentiments de

196.0 1980.0 566.0 63.0 à Monsieur le Maréchal FOCH,

1223.0 1960.0 92.0 74.0 ££

278.0 2030.0 667.0 64.0 Domaine de PLOUJEAN. (Finistère)
