1761 2197
881.0 148.0 110.0 55.0 - 6 -

339.0 259.0 1268.0 70.0 nouvelles à la fabrication française qu’à de très hauts prix et

335.0 344.0 1294.0 67.0 moyennant de longs délais. En attendant, toute l'activité fran-

344.0 411.0 1301.0 57.0 çaise immobilisée voudrait se jeter sur le stock des automobiles,

342.0 476.0 1250.0 67.0 des tracteurs et des motocyclettes que les Américains laissent

344.0 541.0 1286.0 66.0 en France par centaines de mille. Les Américains ne demandaient

344.0 616.0 1325.0 70.0 qu’à nous céder ce stock ; mais le Gouvernement français a dà pren-

344.0 686.0 1242.0 64.0 dre en considération l'intéret de la fabrication française et,

344.0 752.0 1305.0 64.0 pour ne pas la submerger sous l'énorme afflux d’une concurrence à

346.0 820.0 1242.0 73.0 bas prix, il s’est réservé le monopole de la vente de tous les

342.0 895.0 434.0 57.0 véhicules américains.

679.0 953.0 994.0 85.0 Cette décision remonte à plus de deux mois. Depuis

344.0 1019.0 1268.0 81.0 cette époque, qu’avons-nous vu dans toute la France et particu-

362.0 1098.0 1285.0 62.0 lièrement dans la Sarthe ? Nous avons vu les automobiles, comme

339.0 1157.0 1244.0 80.0 nous avons vu les aéroplanes, entassés au rebut, en plein air,

340.0 1228.0 1245.0 77.0 pour le plus grand nombre, à la pluie, au soleil et à tous les

342.0 1288.0 1222.0 83.0 vents ; nous pouvons les voir encore dans cet état lamentable

340.0 1365.0 178.0 61.0 au Mans.

672.0 1426.0 935.0 73.0 Elles ont perdu ainsi les trois quarts de leur

337.0 1490.0 1284.0 88.0 valeur ; de telle sorte qu'on peut en parler aujourd’hui comme il

339.0 1552.0 1323.0 90.0 est de mode de parler des Américains eux-mêmes, avec dédain ; comme

337.0 1625.0 1244.0 88.0 si elles n’avaient jamais rien valu ; on nous objecte qu’elles

337.0 1691.0 1163.0 94.0 sont très inférieures aux automobiles françaises ; qu’elles

335.0 1759.0 1222.0 84.0 consomment beaucoup trop d’essence et de pneus ; qu’on n’a pas

333.0 1830.0 1341.0 92.0 su les pourvoir des pièces de rechange nécessaires et qu’enfin elle

328.0 1900.0 729.0 84.0 ne sont que des machines d'occasion.
