1770 2197
177.0 84.0 526.0 84.0 Annexe à ma lettre N° 563.

859.0 126.0 152.0 84.0 COPIE.

196.0 168.0 236.0 115.0 SÉNAT

1139.0 214.0 500.0 84.0 PARIS, 9 Septembre 1919.

743.0 367.0 427.0 63.0 Monsieur le Maréchal,

1015.0 313.0 128.0 71.0 ££

608.0 490.0 1015.0 73.0 En mission à Londres, je n'ai pu aller vous saluer

346.0 560.0 1277.0 69.0 à votre départ de France. Je tiens d’autant plus à vous expri-

329.0 635.0 1235.0 57.0 mer, au nom d’un grand nombre de mes collègues du Sénat et de

329.0 699.0 1254.0 71.0 mes amis personnels, les sentiments de profonde reconnaissance

331.0 765.0 1213.0 68.0 de nos populations françaises pour la Nation Américaine. Il

333.0 844.0 1231.0 56.0 est arrivé que nos journaux et nos sceptiques se sont si bien

331.0 906.0 1270.0 62.0 habitués à compter sur vous qu'ils ont fini par oublier que vos

333.0 970.0 1207.0 69.0 compatriotes n’étaient pas Français ; ils leur ont appliqué,

331.0 1039.0 1175.0 72.0 parfois, notre régime national du dénigrement ; ils les ont

337.0 1116.0 375.0 57.0 traités en frères !

633.0 1186.0 997.0 53.0 Sachez bien, Monsieur le Maréchal, que le fond du

1148.0 1124.0 156.0 60.0 ££

331.0 1246.0 1294.0 72.0 sentiment français est une gratitude sans borne et sans fin pour

331.0 1316.0 1332.0 68.0 le peuple américain. Il n'y a pas une mère française qui ne sache

333.0 1376.0 1191.0 77.0 que vous êtes venus relever, défendre ou sauver ses fils et

331.0 1448.0 1089.0 69.0 continuer l’œuvre libératrice du dévouement français.

654.0 1510.0 1000.0 77.0 Vous avez beaucoup souffert, Monsieur le Maréchal

1487.0 1482.0 149.0 65.0 ££

327.0 1574.0 1248.0 73.0 comme la France ; vous étiez bien celui qui devait lui porter,

322.0 1644.0 1299.0 78.0 dans sa longue et terrible épreuve, le concours inappréciable de

327.0 1713.0 772.0 59.0 la sympathie et du secours américains.

331.0 1779.0 1246.0 68.0 Etats-Unis victorieux contribuent au rétablissement d'une paix

331.0 1819.0 1310.0 64.0 durable dans le Monde et recevez pour vous et pour votre généreux

655.0 1752.0 1023.0 58.0 Laissez-moi faire des vœux maintenant pour que les

333.0 1854.0 1039.0 66.0 pays l'hommage de notre impérissable reconnaissance.

168.0 1937.0 643.0 65.0 à Monsieur le Maréchal PERSHING,

192.0 1982.0 841.0 61.0 Commandant en chef les Armées Américaines,

1245.0 1920.0 184.0 81.0 ££

496.0 2021.0 148.0 60.0 PARIS.
