1763 2197
903.0 113.0 114.0 66.0 - 2 -

685.0 258.0 1010.0 69.0 Le remède est en nous et en vous particulièrement,

368.0 324.0 1294.0 75.0 Messieurs les Conseillers Généraux ; vous avez le pouvoir et par

372.0 397.0 1288.0 68.0 conséquent le devoir de signaler les vices d’administration dont

373.0 472.0 1186.0 64.0 vous êtes témoins. Malheureusement, par peur de déplaire à

373.0 529.0 1226.0 73.0 Pierre ou à Paul, nous ne disons rien et nous laissons faire;

375.0 606.0 1188.0 58.0 cela ne peut aller ainsi qu/e de mal en pis. La France, de

372.0 666.0 1308.0 69.0 beaucoup la plus éprouvée des grandes Puissances belligérantes, a

372.0 737.0 1286.0 63.0 besoin, par compensation, d’être administrée au moins aussi bien

372.0 798.0 650.0 75.0 que ses concurrents privilégiés.

725.0 867.0 955.0 72.0 J’appellerai l’attention du Conseil Général sur

372.0 931.0 1262.0 81.0 quelques-uns des faits et des fautes dont nous sommes à la fois

372.0 1005.0 982.0 71.0 victimes et complices, puisque nous les tolérons.

725.0 1072.0 913.0 79.0 Le charbon manque ! Pourquoi ! Tout le monde

370.0 1136.0 1305.0 86.0 comprend que l’Angleterre, la Belgique, la France ont été plus ou

370.0 1210.0 1246.0 77.0 moins troublées par la guerre dans leur production normale ; on

372.0 1272.0 1284.0 91.0 compte sur les charbons allemands, mais dans quelle proportion ?

370.0 1342.0 1332.0 91.0 et quand ? On se rabat sur la mise en valeur, enfin, de nos chutes

370.0 1417.0 1226.0 75.0 d'eau, mais dans combien d’années, de dizaines d’années ? On

364.0 1482.0 1287.0 79.0 n'a pas même su utiliser notre incomparable réseau de voies flu-

366.0 1550.0 1321.0 88.0 viales, incroyablement négligé. Les travaux immenses et inespérés

364.0 1622.0 1265.0 86.0 entrepris par les Américains dans nos ports de l'Ouest sur nos

362.0 1677.0 1258.0 97.0 voies ferrées ont été abandonnés, dans l’indifférence générale,

361.0 1744.0 1264.0 90.0 dès le lendemain de l’armistice, alors qu’ils pouvaient être le

355.0 1818.0 1307.0 89.0 point de départ d'une véritable régénération de notre pays, faire
