1920 2560
106.0 96.0 310.0 123.0 SÉNAT

904.0 74.0 326.0 103.0 LETTRE N° 561.

1213.0 262.0 510.0 102.0 CREANS, 29 Août 1919.

663.0 422.0 723.0 102.0 Paul VIDAL de la BLACHE .

1030.0 627.0 397.0 89.0 Mon cher Butler,

294.0 896.0 1434.0 98.0 certain nombre des tirages à part d’un extrait des Annales de

339.0 840.0 262.0 73.0 ££ ££

714.0 806.0 1065.0 111.0 Je vous envoie ci-joint, par ce courrier, un

279.0 966.0 1346.0 107.0 Géographie, Tome XXVII, N° 147 du 15 Mai 1918. C'est un

279.0 1051.0 1483.0 120.0 article de L. GALLOIS sur notre admirable ami Paul VIDAL de la

288.0 1128.0 1431.0 120.0 BLACHE. Vous tiendrez sans doute à le faire distribuer dans

277.0 1222.0 1079.0 96.0 les principales bibliothèques des Etats-Unis.

288.0 1378.0 1469.0 130.0 la guerre qui lui a pris son fils. Qui donc dressera le bilan

704.0 1307.0 1028.0 101.0 VIDAL de la BLACHE est mort des émotions de

298.0 1450.0 847.0 124.0 sincère de ces pertes irréparables ?

964.0 1629.0 685.0 118.0 Votre affectueusement dévoué,

951.0 1700.0 657.0 160.0 ££ ££ ££

142.0 1954.0 1118.0 119.0 à Monsieur le Président Nicholas Murray BUTLER,

629.0 2048.0 235.0 104.0 NEW-YORK.

151.0 2261.0 160.0 81.0 Annexe.
