1920 2560
836.0 68.0 153.0 77.0 - 3 -

189.0 198.0 881.0 130.0 en équilibre.... tant bien que mal.

477.0 307.0 1208.0 106.0 Vers la même heure, le grand paquebot, "le GEORGE

196.0 388.0 1683.0 124.0 WASHINGTON", nous annonçait, par radio, que le Président WILSON allait

204.0 482.0 1626.0 111.0 prendre la parole, à son bord, pour adresser à son entourage et aux

194.0 558.0 1687.0 120.0 troupes américaines qui l’accompagnaient un message que nous pourrions

196.0 640.0 1258.0 104.0 peut-être entendre par la téléphonie sans fil......

467.0 727.0 1378.0 113.0 Et xxx un dirigeable anglais, passant plus au nord, nous

185.0 810.0 1700.0 113.0 faisait savoir qu’il achevait sa première traversée de l'Atlantique...

179.0 893.0 1666.0 116.0 n’ayant pas mis beaucoup plus d’heures que nous de jours en bateau,

187.0 974.0 429.0 82.0 pour l’accomplir.

443.0 1066.0 1112.0 98.0 A quand ma prochaine traversée en aéroplane?

462.0 1132.0 1359.0 130.0 Est-ce que tous ces incroyables progrès ne serviront qu'à

172.0 1216.0 1556.0 115.0 préparer de nouvelles guerres mille fois pires que la dernière?

160.0 1301.0 1568.0 117.0 Cela dépendra de la solidité de l'accord entre la France et les

172.0 1382.0 623.0 98.0 autres peuples civilisés.

776.0 1516.0 710.0 103.0 Votre affectueusement dévoué

836.0 1649.0 674.0 100.0 d'ESTOURNELLES de CONSTANT

10.0 1821.0 900.0 113.0 Monsieur le Président N. Murray BUTLER

245.0 1909.0 211.0 77.0 NEW YORK
