1920 2560
356.0 8.0 262.0 109.0 e N° 563.

825.0 76.0 177.0 111.0 COPIE.

1177.0 198.0 583.0 122.0 PARIS, 9 Septembre 1919.

680.0 375.0 536.0 102.0 Monsieur le Maréchal,

998.0 324.0 213.0 77.0 ££

526.0 526.0 1234.0 101.0 En mission à Londres, je n'ai pu aller vous saluer

187.0 614.0 1555.0 104.0 à votre départ de France. Je tiens d’autant plus à vous expri-

174.0 701.0 1496.0 88.0 mer, au nom d’un grand nombre de mes collègues du Sénat et de

174.0 787.0 1526.0 85.0 mes amis personnels, les sentiments de profonde reconnaissance

166.0 866.0 1474.0 94.0 de nos populations françaises pour la Nation Américaine. Il

183.0 951.0 1489.0 90.0 est arrivé que nos journaux et nos sceptiques se sont si bien

177.0 1028.0 1527.0 104.0 habitués à compter sur vous qu'ils ont fini par oublier que vos

192.0 1105.0 1448.0 106.0 compatriotes n’étaient pas Français ; ils leur ont appliqué,

196.0 1194.0 1406.0 98.0 parfois, notre régime national du dénigrement ; ils les ont

189.0 1280.0 463.0 89.0 traités en frères !

554.0 1346.0 1163.0 111.0 Sachez bien, Monsieur le Maréchal, que le fond du

1160.0 1320.0 175.0 73.0 ££

204.0 1440.0 1524.0 102.0 sentiment français est une gratitude sans borne et sans fin pour

200.0 1512.0 1551.0 107.0 le peuple américain. Il n'y a pas une mère française qui ne sache

204.0 1597.0 1387.0 103.0 que vous êtes venus relever, défendre ou sauver ses fils et

200.0 1672.0 1280.0 107.0 continuer l’œuvre libératrice du dévouement français.

576.0 1747.0 1147.0 106.0 Vous avez beaucoup souffert, Monsieur le Maréchal

1546.0 1725.0 201.0 64.0 ££

202.0 1826.0 1447.0 104.0 comme la France ; vous étiez bien celui qui devait lui porter,

204.0 1900.0 1496.0 116.0 dans sa longue et terrible épreuve, le concours inappréciable de

196.0 1979.0 892.0 81.0 la sympathie et du secours américains.

213.0 2062.0 1431.0 73.0 Etats-Unis victorieux contribuent au rétablissement d'une paix

578.0 2020.0 1173.0 83.0 Laissez-moi faire des vœux maintenant pour que les

213.0 2139.0 1205.0 94.0 pays l'hommage de notre impérissable reconnaissance.

219.0 2107.0 1509.0 88.0 durable dans le Monde et recevez pour vous et pour votre généreux

21.0 2225.0 749.0 85.0 à Monsieur le Maréchal PERSHING,

1258.0 2212.0 260.0 94.0 ££

55.0 2278.0 951.0 83.0 Commandant en chef les Armées Américaines,

426.0 2327.0 143.0 79.0 PARIS.
