1920 2560
906.0 117.0 175.0 75.0 - 4 -

384.0 238.0 1476.0 167.0 les équipages des Dreadnoughts ont une tendance (à) se révolter.

377.0 337.0 1393.0 132.0 Voyez ceux des Russes, après la guerre japonaise ; ceux du

390.0 422.0 1510.0 147.0 Brésil ; voyez ceux des Allemands ; et maintemant voici les nôtres.

529.0 514.0 1331.0 128.0 Et dans la marine de commerce, c'est la même chose. Une

366.0 593.0 1490.0 130.0 difficulté surgit ; on s'apercoit que la vie est dure à bord et

364.0 674.0 1504.0 130.0 sans repos.... Et alors se posent, entre autres problèmes, dans

369.0 748.0 1523.0 139.0 les chaufferies, dans tous les services du bord, ceux de la jour-

358.0 825.0 1510.0 137.0 née de 8 heures. Comment l’appliquer? comment en concevoir même

352.0 904.0 1493.0 139.0 l'application? La fédération des syndicats maritimes adresse à

352.0 987.0 1540.0 150.0 ses adhérents de pressants appels. Et en attendant qu'on se mette

358.0 1068.0 849.0 109.0 d'accord, des grèves sont ébauchées.

503.0 1152.0 1333.0 130.0 Pour moi, tout est occasion d’observer, d’ajouter un ar-

339.0 1224.0 1438.0 143.0 gument de plus à mon incessant réquisitoire contre la guerre.

330.0 1305.0 1462.0 137.0 J'attends donc patiemment, jadis les voyageurs attendaient au

332.0 1384.0 1492.0 145.0 Havre ou à Saint-Malo, ou tout autre port, les caprices du vent

330.0 1467.0 1523.0 139.0 pour que leur bateau prit la voile. Aujourd’hui, c’est un caprice

324.0 1536.0 1416.0 149.0 d’un autre ordre que je dois attendre, mais moins longtemps:

324.0 1621.0 1478.0 141.0 caprice également naturel ; c’est le grand souffle d’une popula-

332.0 1698.0 1445.0 138.0 tion longtemps sans cohésion mais qui désormais se refuse à ne

315.0 1772.0 1477.0 141.0 vivre que pour obéir. Encore un ordre nouveau, un accord à éta-

322.0 1847.0 1429.0 143.0 blir ; voilà l'organisation qu'il faudra poursuivre si nous ne

313.0 1922.0 1449.0 151.0 voulons pas tomber dans l'anarchie c’est à dire aux sanglantes

324.0 1996.0 1478.0 160.0 diversions de nouvelles guerres. Et tous cela est possible, avec

296.0 2077.0 1421.0 152.0 de la bonne volonté, une grande et persistante bonne volonté.

674.0 2167.0 676.0 119.0 Votre affectueusement dévoué.

23.0 2205.0 939.0 131.0 à Monsieur le Président N. Murray BUTLER

302.0 2306.0 186.0 89.0 NEW YORK
