1920 2560
98.0 189.0 288.0 135.0 SÉNAT

819.0 174.0 345.0 111.0 LETTRE N° 555.

1160.0 307.0 529.0 102.0 A bord de la "SAVOIE"

1294.0 398.0 370.0 67.0 5 juillet 1919.

537.0 563.0 536.0 111.0 A TRAVERS l'OCEAN.

896.0 829.0 384.0 88.0 Mon cher Butler,

546.0 964.0 1297.0 126.0 Un mot seulement. Notre traversée se prolonge et durera

273.0 1030.0 1570.0 143.0 probablement dix jours. Partis de Paris samedi matin 28 juin, nous

288.0 1122.0 1529.0 130.0 serons sans doute à New York mardi, 8 juillet, si les brouillards,

270.0 1192.0 1517.0 139.0 au sud de Terre-Neuve, ne nous retardent pas. Notre paquebot, la

268.0 1275.0 1536.0 137.0 SAVOIE, est plein d'officiers et de soldats américains, partis du

270.0 1361.0 1481.0 128.0 MANS, par train spécial, pour aller s’embarquer au HAVRE. Je ne

264.0 1431.0 1560.0 139.0 trouve pas trace heureusement, - si ce n'est pour protester, - des

258.0 1514.0 1576.0 139.0 dissentiments dont quelques esprits aigris et ingrats faisaient xxt

256.0 1587.0 1568.0 145.0 état, avant mon départ, pour déclarer que l'accord franco-américain

264.0 1670.0 1498.0 139.0 touchait à sa fin. On m'a demandé de participer à la célébration

256.0 1742.0 1542.0 141.0 à bord de la grande fête nationale de l'Indépendance américaine du

262.0 1821.0 1521.0 145.0 4 juillet. Le pont était pavoisé aux trois couleurs franco-anglo-

247.0 1898.0 1485.0 141.0 américaines ; tous les passagers, officiers, soldats, infirmiers

247.0 1973.0 1598.0 143.0 de la Croix-Rouge. jeunes filles de l'Y.M.C.A. et jusqu’à des enfants,

264.0 2050.0 1504.0 151.0 s’y étaient groupés par centaines, sous la présidence de l’ancien

19.0 2180.0 928.0 126.0 à Monsieur le Président N. Murray BUTLER

307.0 2274.0 166.0 91.0 NEW YORK
