1920 2560
836.0 100.0 181.0 96.0 - 2 -

219.0 247.0 1669.0 122.0 matie anglaise à la conférence ; il m’a affirmé qu’il entendait non

215.0 343.0 1598.0 98.0 pas monopoliser à Londres la Société des Nations, mais préparer

224.0 433.0 1632.0 100.0 son organisation le plus tôt possible à Genève, si les Suisses en

228.0 518.0 1602.0 98.0 veulent. Il a accepté les propositions de M. Bourgeois quant aux

228.0 597.0 1608.0 109.0 réunions préparatoires à Bruxelles et s’est montré très désireux

228.0 691.0 1564.0 102.0 de dissiper ou d’atténuer mes appréhensions. Lord GREY, que je

228.0 761.0 1610.0 132.0 voulais voir également, était en Ecosse. Je retournerai à Londres

219.0 853.0 819.0 117.0 avant son départ pour Washington.

795.0 983.0 329.0 94.0 Votre dévoué,

750.0 1102.0 828.0 118.0 signé : d'ESTOURNELLES de CONSTANT

51.0 1282.0 1359.0 132.0 P. S. Excusez ce mot dicté : je suis un peu souffrant.
