1920 2560
725.0 119.0 380.0 107.0 LETTRE N° 554 .

100.0 181.0 284.0 113.0 SÉNAT

1177.0 296.0 563.0 85.0 PARIS, le 29 juin 1919

520.0 556.0 734.0 139.0 LA SIGNATURE de la PAIX .

904.0 836.0 390.0 85.0 Mon cher Butler,

544.0 1043.0 1358.0 91.0 Sur la "SAVOIE", où je suis installé depuis hier soir et

371.0 1117.0 1512.0 109.0 en attendant le dîner, je vous écris cette dernière lettre qui

366.0 1203.0 1530.0 102.0 met fin, le lendemain du jour où la paix est enfin signée, à ma

379.0 1280.0 1430.0 106.0 correspondance de la guerre. Correspondance de bientôt cinq

373.0 1365.0 1489.0 98.0 ans! Qui l'eût dit, quand nous vous fêtions à Paris au restau-

364.0 1446.0 1492.0 98.0 rant Ledoyen, avec Madame et Mademoiselle BUTLER et toute une

366.0 1521.0 730.0 106.0 élite d'amis de tous les pays.

537.0 1608.0 1299.0 100.0 Et quels vont être les lendemains de cette guerre? Tou-

375.0 1676.0 1478.0 116.0 jours l'inconnu, mais après quels deuils, quelles destructions

358.0 1751.0 1508.0 124.0 irrépar(a)bles ; - Attendons et tâchons , comme auparavant, de pré-

358.0 1838.0 1485.0 111.0 venir ou d’atténuer tout ce que la bêtise et la méchanceté peu-

352.0 1911.0 1373.0 109.0 vent laisser faire ou susciter de misère au pauvre monde.

358.0 1988.0 1478.0 128.0 Mon voyage ne sera pas inutile, - si tardif soit-il ; à ceux de

360.0 2067.0 762.0 81.0 nos amis que je verrai, je dirai:

514.0 2146.0 1205.0 111.0 Oui, le traité est insuffisant, mais c'est la/paix;

72.0 2242.0 956.0 100.0 à Monsieur le Président N. Murray BUTLER

349.0 2325.0 199.0 89.0 NEW YORK
