1920 2560
748.0 121.0 359.0 115.0 LETTRE N° 55££

196.0 198.0 111.0 162.0 AT

1149.0 277.0 495.0 111.0 PARIS, 13 Août 1919.

578.0 482.0 663.0 111.0 SYMPTOMES DE JUSTICE .

744.0 578.0 303.0 100.0 M. JAUDON .

902.0 757.0 390.0 100.0 Mon cher Butler,

646.0 913.0 1054.0 96.0 Tandis que j’ai la satisfaction de constater

322.0 994.0 1463.0 100.0 que ceux-là mêmes qui m’ont tenu à l'écart depuis si longtemps

313.0 1081.0 1457.0 92.0 se décident à recourir à mes services, je vois un de mes col-

332.0 1169.0 1338.0 96.0 laborateurs les plus dévoués, Pierre JAUDON, recevoir du

320.0 1241.0 1489.0 109.0 Gouvernement des marques de confiance répétées. Nommé récemment

311.0 1333.0 1348.0 92.0 chef de bureau au Ministère de la Justice et chargé d'un

313.0 1408.0 1314.0 96.0 service nouveau exceptionnellement important, celui des

311.0 1486.0 1344.0 103.0 Sequestres, il vient d'être nommé Chevalier de la Légion

315.0 1557.0 1342.0 111.0 d'honneur. Vous jugerez du caractère exceptionnel de ses

320.0 1653.0 1395.0 96.0 titres par l'exposé que le "JOURNAL OFFICIEL", généralement

315.0 1719.0 1395.0 109.0 pourtant assez sobre, consacre à leur énumération, dans son

313.0 1806.0 1457.0 103.0 numéro du vendredi 8 Août ci-annexé. Il s'agissait d'expliquer

307.0 1885.0 1421.0 99.0 comment relativement jeune, 14 ans seulement de services, il

326.0 1964.0 1442.0 96.0 se trouve décoré en même temps que ses collègues beaucoup plus

302.0 2035.0 1383.0 106.0 agés, quelques-uns d'entre eux avant 25, 35 ans, ou même 45

322.0 2112.0 501.0 85.0 ou 48 ans de services.

908.0 2195.0 683.0 104.0 Votre affectueusement dévoué,

6.0 2237.0 552.0 92.0 à Monsieur le Président

100.0 2308.0 548.0 77.0 Nicholas Murray BUTLER,

251.0 2344.0 246.0 85.0 NEW-YORK.

949.0 2278.0 537.0 117.0 ££ ££ ££
