1920 2560
74.0 157.0 322.0 126.0 SÉNAT

800.0 125.0 392.0 143.0 LETTRE N° 568.

1137.0 345.0 661.0 135.0 PARIS,  ££ ££ 1919.

608.0 486.0 753.0 124.0 LE TRAITÉ DE PAIX AU SÉNAT

454.0 573.0 1050.0 137.0 ET LE RAPPORT GÉNÉRAL de M. Léon BOURGEOIS.

923.0 776.0 386.0 100.0 Mon cher Butler,

563.0 968.0 1165.0 109.0 Je vous envoie ci-joint, en plusieurs exemplaires,

1288.0 951.0 58.0 64.0 2.

196.0 1036.0 1436.0 135.0 le remarquable rapport général que M. Léon BOURGEOIS vient de

185.0 1117.0 1438.0 133.0 déposer devant le Sénat, au nom de la Commission des Affaires

185.0 1194.0 1472.0 118.0 Etrangères qui a été unanime à l'aprouver. Vous trouverez, en

185.0 1280.0 1481.0 113.0 première page du rapport, la composition de cette Commission où

177.0 1350.0 1553.0 143.0 figurent la plupart des personnalités en vue de la Haute Assemblée.

526.0 1450.0 1150.0 109.0 Je ne partage pas la sérénité de M. Bourgeois ; je

179.0 1512.0 1514.0 115.0 me revolte ou je me lamente intérieurement quand je vois la cause

183.0 1585.0 1481.0 121.0 qui m’est chère insuffisamment servie ou même trahie ; j’ai donc

174.0 1666.0 1494.0 123.0 lu ce rapport avec bien des préventions misanthropiques ; je suis

172.0 1736.0 1460.0 122.0 obligé de reconnaître qu’en dépit de beaucoup d’atténuations et

168.0 1815.0 1540.0 124.0 de lacunes regrettables, il nous présente une analyse très complète

168.0 1890.0 1481.0 119.0 et cependant très haute du traité de paix. C’est un monument de

172.0 1975.0 1511.0 115.0 travail, un manuel infiniment pratique et même commode de vulgari-

168.0 2056.0 1491.0 111.0 sation, en même temps qu’un exposé très encourageant des progrès

168.0 2126.0 1536.0 143.0 acquis et à poursuivre au bénéfice de l’organisation internationale,

19.0 2306.0 1047.0 113.0 Monsieur le Président Nicholas Murray BUTLER.
