1920 2560
59.0 140.0 293.0 145.0 SÉNAT

827.0 108.0 367.0 111.0 LETTRE N° 56££.

1098.0 309.0 638.0 109.0 CREANS, 12 Septembre 1919.

539.0 482.0 779.0 158.0 LA CÉRÉMONIE FRANCO-AMÉRICAINE

836.0 610.0 149.0 83.0 de la

680.0 667.0 472.0 105.0 POINTE DE GRAVE .

921.0 887.0 386.0 94.0 Mon cher Butler,

686.0 1068.0 1046.0 105.0 Le Président de la République est allé avec

179.0 1139.0 1555.0 113.0 les autorités les plus hautes poser la première pierre d’un monu-

185.0 1222.0 1511.0 115.0 ment destiné à commémorer, à la Pointe de Grave, (au Verdon) le

192.0 1305.0 1476.0 109.0 départ de LA FAYETTE s’embarquant, en 1777, pour aller, malgré

187.0 1386.0 1526.0 107.0 les résistances que l'on sait, offrir à WASHINGTON le secours de

185.0 1465.0 1479.0 105.0 son jeune enthousiasme et de son épee. Il partit avec un seul

181.0 1544.0 1542.0 105.0 petit vaisseau, représentant bien la chimère de notre idéal. Cent

187.0 1621.0 1509.0 104.0 quarante ans plus tard, les Etats-Unis, peuplés de cent millions

185.0 1698.0 1536.0 106.0 d'habitants, lui ont rendu cette visite en envoyant en France tou-

185.0 1772.0 1523.0 105.0 tes leurs escadres, toutes leurs armées, toutes leurs ressources.

680.0 1853.0 1024.0 103.0 J'étais de coeur partisan de cette cérémonie

213.0 1907.0 1408.0 128.0 mais je n'ai pas tenu à y assister. Elle jure par trop avec

202.0 2009.0 1479.0 98.0 l'ingratitude ou la légéreté des hommes qui ont laissé, après la

185.0 2084.0 1455.0 98.0 guerre, naître entre les Français et les Américains, des malen-

192.0 2158.0 1412.0 105.0 tendus graves qu’il ne suffit pas d’un discours pour dissiper.

25.0 2282.0 1063.0 115.0 à Monsieur le Président Nicholas Murray BUTLER.
