1920 2560
401.0 2.0 230.0 123.0 e N°563.

823.0 42.0 183.0 118.0 COPIE.

1107.0 234.0 599.0 86.0 PARIS, 5 Septembre 1919.

642.0 439.0 522.0 77.0 Monsieur le Maréchal,

458.0 599.0 1252.0 100.0 Au cours de la mission que je viens de remplir aux

185.0 678.0 1517.0 107.0 Etats-Unis, auprès d’un certain nombre de mes amis personnels,

185.0 768.0 1589.0 106.0 j’ai constaté qu’il n’était que trop nécessaire de réagir contre

185.0 855.0 1607.0 102.0 le langage de certains milieux français, affichant autant d'injus-

194.0 938.0 1491.0 107.0 tice que d'ingratitude à l'égard de nos alliés, quels qu’ils

194.0 1024.0 1491.0 100.0 soient, et particulièrement des Américains. Vous ne manquez

194.0 1105.0 1578.0 104.0 jamais une occasion de remettre les choses au point ; vos lettres

179.0 1186.0 1521.0 104.0 à M. Lloyd George et votre récent discours au Général Pershing

185.0 1262.0 1583.0 103.0 ont été des actes et des manifestations essentielles. Ce dernier

187.0 1350.0 1487.0 113.0 discours me rappelle que j’ai promis à beaucoup d’Américains,

194.0 1429.0 1367.0 113.0 notament à l'ancien Ambassadeur des Etats-Unis à Paris,

198.0 1518.0 1517.0 118.0 Mr. Myron Herrick, qui fait en notre faveur la plus active cam-

200.0 1600.0 1536.0 115.0 pagne, d'insister auprès de vous pour que vous veniez aux Etats(p)

198.0 1676.0 139.0 66.0 Unis.

537.0 1764.0 1077.0 100.0 Votre visite est attendue passionnément,- je

196.0 1836.0 1493.0 101.0 n’en dirais pas autant d'autres visites,- et, si elle est bien

189.0 1913.0 1539.0 103.0 préparée, au moment opportun, après la crise actuelle de la dis-

202.0 1992.0 1468.0 90.0 cussion du traité de paix, elle fera infiniment de bien. Dans

194.0 2065.0 1568.0 81.0 le cas où vous la jugeriez possible et opportune je serai heureux

215.0 2114.0 1476.0 87.0 d'aller vous voir et d'en causer avec vous, quand vous passerez

183.0 2156.0 218.0 58.0 à Paris.

204.0 2216.0 1112.0 96.0 haute considération et bien fidelement devoués.

526.0 2178.0 1172.0 98.0 Croyez, Monsieur le Maréchal, à mes sentiments de

10.0 2323.0 657.0 81.0 à Monsieur le Maréchal FOCH,

100.0 2355.0 810.0 100.0 Domaine de PLOUJEAN. (Finistère)
