<?xml version="1.0" encoding="UTF-8"?>
<alto xmlns:xsi="http://www.w3.org/2001/XMLSchema-instance"
	  xmlns="http://www.loc.gov/standards/alto/ns-v4#"
	  xsi:schemaLocation="http://www.loc.gov/standards/alto/ns-v4# https://gitlab.inria.fr/scripta/escriptorium/-/raw/develop/app/escriptorium/static/alto-4-1-baselines.xsd">
  <Description>
	<MeasurementUnit>pixel</MeasurementUnit>
	<sourceImageInformation>
	  <fileName>P1060671.JPG</fileName>
	</sourceImageInformation>
  </Description>
  <Layout>
    <Page WIDTH="1920" HEIGHT="2560" PHYSICAL_IMG_NR="0" ID="eSc_dummypage_">
      <PrintSpace HPOS="0" VPOS="0" WIDTH="1920" HEIGHT="2560">
        
        <TextBlock ID="eSc_dummyblock_">
	      <TextLine ID="eSc_line_229693" BASELINE="699 177 763 172 834 172 1045 183" HPOS="699.0" VPOS="134.0" WIDTH="346.0" HEIGHT="96.0">
            <Shape>
              <Polygon POINTS="699 177 716 145 740 136 768 147 787 134 800 147 855 145 864 153 985 145 1028 168 1041 160 1045 183 1038 224 1019 217 1006 230 974 213 906 213 896 221 887 213 842 211 821 219 802 211 789 224 776 213 701 213"/>
            </Shape>
	        <String CONTENT="LETTRE N° 570.-" HPOS="699.0" VPOS="134.0" WIDTH="346.0" HEIGHT="96.0"></String>
          </TextLine>
        
        
	      <TextLine ID="eSc_line_229705" BASELINE="138 224 416 239" HPOS="136.0" VPOS="179.0" WIDTH="280.0" HEIGHT="98.0">
            <Shape>
              <Polygon POINTS="136 224 151 194 194 198 219 179 238 198 264 187 275 198 296 194 305 204 345 200 388 236 411 228 416 238 392 270 375 264 352 277 315 262 298 268 290 258 209 266 155 258 136 268"/>
            </Shape>
	        <String CONTENT="SÉNAT" HPOS="136.0" VPOS="179.0" WIDTH="280.0" HEIGHT="98.0"></String>
          </TextLine>
        
        
	      <TextLine ID="eSc_line_229706" BASELINE="1120 326 1152 330 1201 326 1418 326 1553 337 1700 346" HPOS="1120.0" VPOS="288.0" WIDTH="578.0" HEIGHT="85.0">
            <Shape>
              <Polygon POINTS="1120 324 1134 292 1243 300 1256 313 1273 311 1297 288 1339 311 1371 292 1408 311 1431 292 1442 302 1457 294 1491 305 1538 292 1580 313 1595 300 1621 298 1661 315 1672 309 1698 345 1655 373 1591 362 1576 349 1533 360 1521 373 1499 356 1480 364 1437 360 1410 341 1390 356 1350 352 1333 364 1314 354 1292 362 1160 356 1149 347 1134 352 1122 339"/>
            </Shape>
	        <String CONTENT="PARIS, le 12 Octobre 1919" HPOS="1120.0" VPOS="288.0" WIDTH="578.0" HEIGHT="85.0"></String>
          </TextLine>
        
        
	      <TextLine ID="eSc_line_229767" BASELINE="442 382 660 196" HPOS="422.0" VPOS="168.0" WIDTH="264.0" HEIGHT="245.0">
            <Shape>
              <Polygon POINTS="441 381 422 352 437 339 460 339 465 320 484 315 492 302 509 305 537 277 552 275 565 236 608 234 629 168 659 194 686 234 674 245 637 243 625 273 580 283 567 309 526 330 516 413 475 413"/>
            </Shape>
	        <String CONTENT="££" HPOS="422.0" VPOS="168.0" WIDTH="264.0" HEIGHT="245.0"></String>
          </TextLine>
        
        
	      <TextLine ID="eSc_line_229768" BASELINE="545 376 713 238" HPOS="524.0" VPOS="219.0" WIDTH="203.0" HEIGHT="192.0">
            <Shape>
              <Polygon POINTS="544 375 524 343 526 330 578 317 590 292 622 281 635 256 680 243 689 219 712 236 727 260 721 273 678 275 672 302 657 307 637 332 610 334 597 356 593 407 578 411"/>
            </Shape>
	        <String CONTENT="££" HPOS="524.0" VPOS="219.0" WIDTH="203.0" HEIGHT="192.0"></String>
          </TextLine>
        
        
	      <TextLine ID="eSc_line_229769" BASELINE="654 426 849 279" HPOS="605.0" VPOS="245.0" WIDTH="241.0" HEIGHT="196.0">
            <Shape>
              <Polygon POINTS="652 424 605 358 684 360 716 345 727 313 763 313 782 294 795 247 814 245 846 277 832 313 780 343 763 364 738 369 731 416 682 416 669 441"/>
            </Shape>
	        <String CONTENT="££" HPOS="605.0" VPOS="245.0" WIDTH="241.0" HEIGHT="196.0"></String>
          </TextLine>
        
        
	      <TextLine ID="eSc_line_229694" BASELINE="674 501 710 507 1065 507 1162 513" HPOS="672.0" VPOS="469.0" WIDTH="488.0" HEIGHT="85.0">
            <Shape>
              <Polygon POINTS="672 499 691 473 714 469 744 490 761 473 898 471 917 482 970 475 987 488 1015 475 1122 475 1160 512 1154 535 1143 533 1124 552 1081 539 1066 550 1028 550 1017 539 994 548 968 535 947 537 930 552 913 544 900 554 876 539 842 554 812 529 763 546 748 535 695 544 674 531"/>
            </Shape>
	        <String CONTENT="LA JUSTICE EN MARCHE" HPOS="672.0" VPOS="469.0" WIDTH="488.0" HEIGHT="85.0"></String>
          </TextLine>
        
        
	      <TextLine ID="eSc_line_229707" BASELINE="299 573 799 573 899 580 1043 578 1196 584 1570 589" HPOS="298.0" VPOS="531.0" WIDTH="1270.0" HEIGHT="94.0">
            <Shape>
              <Polygon POINTS="298 571 300 537 322 537 334 550 354 546 366 556 396 535 409 544 424 531 441 544 509 535 567 558 582 548 672 552 716 537 770 548 812 531 842 556 883 548 898 561 910 550 951 550 977 533 994 548 1015 541 1024 550 1066 552 1077 563 1090 552 1143 561 1188 552 1205 565 1220 550 1250 552 1258 544 1314 556 1378 556 1390 567 1401 556 1480 550 1489 558 1561 554 1568 588 1561 622 1437 625 1218 614 1085 620 951 610 915 618 795 608 776 614 300 603"/>
            </Shape>
	        <String CONTENT="Le DISCOURS de PAINLEVÉ et l&#39;ÉCHEC de la FAMEUSE ATTAQUE" HPOS="298.0" VPOS="531.0" WIDTH="1270.0" HEIGHT="94.0"></String>
          </TextLine>
        
        
	      <TextLine ID="eSc_line_229695" BASELINE="708 650 1130 650" HPOS="706.0" VPOS="622.0" WIDTH="422.0" HEIGHT="82.0">
            <Shape>
              <Polygon POINTS="706 648 742 622 776 625 787 635 806 622 844 625 857 637 889 625 970 625 985 640 1000 625 1085 625 1109 646 1128 648 1124 680 1058 704 1043 691 1017 689 942 697 925 686 915 697 893 697 859 684 842 697 755 684 723 695 710 684"/>
            </Shape>
	        <String CONTENT="du 16 avril 1917" HPOS="706.0" VPOS="622.0" WIDTH="422.0" HEIGHT="82.0"></String>
          </TextLine>
        
        
	      <TextLine ID="eSc_line_229696" BASELINE="287 722 343 721 441 718 586 725 925 723 965 725 996 729 1043 725 1164 725 1220 729 1540 727 1640 733" HPOS="285.0" VPOS="674.0" WIDTH="1353.0" HEIGHT="89.0">
            <Shape>
              <Polygon POINTS="285 721 311 686 364 704 398 680 420 693 450 674 471 693 503 678 563 699 595 693 654 704 665 693 731 695 750 686 759 695 832 693 855 706 870 695 1009 691 1056 706 1098 682 1130 699 1192 699 1235 676 1288 716 1309 695 1388 699 1408 712 1420 701 1493 706 1523 695 1544 704 1612 704 1638 731 1621 763 1425 763 1414 755 1390 763 1337 763 1324 755 1301 763 817 755 736 761 522 750 480 757 309 753 290 736"/>
            </Shape>
	        <String CONTENT="La CALOMNIE des JOURNAUX CHAUVINS DÉMASQUÉE, sans une SEULE" HPOS="285.0" VPOS="674.0" WIDTH="1353.0" HEIGHT="89.0"></String>
          </TextLine>
        
        
	      <TextLine ID="eSc_line_229708" BASELINE="610 791 674 797 1431 795 1480 800" HPOS="608.0" VPOS="768.0" WIDTH="870.0" HEIGHT="66.0">
            <Shape>
              <Polygon POINTS="608 789 618 768 921 770 936 785 951 770 985 770 1004 782 1019 770 1177 772 1188 782 1213 772 1269 787 1297 772 1318 791 1335 774 1390 774 1408 791 1431 772 1461 791 1469 787 1478 800 1472 834 610 825"/>
            </Shape>
	        <String CONTENT="PROTESTATION à la CHAMBRE des DÉPUTÉS." HPOS="608.0" VPOS="768.0" WIDTH="870.0" HEIGHT="66.0"></String>
          </TextLine>
        
        
	      <TextLine ID="eSc_line_229697" BASELINE="168 898 224 904 590 904 631 908 1122 906 1192 913 1408 910 1463 913 1484 917 1713 917" HPOS="168.0" VPOS="846.0" WIDTH="1545.0" HEIGHT="118.0">
            <Shape>
              <Polygon POINTS="168 898 172 868 194 866 226 883 258 864 296 874 307 866 343 872 354 864 369 872 396 861 430 881 452 866 494 883 509 870 576 874 618 846 652 874 701 872 716 859 736 874 782 876 819 859 836 872 859 861 893 876 921 876 953 855 1000 876 1073 876 1090 861 1115 878 1190 881 1213 870 1233 881 1277 864 1297 876 1322 864 1361 876 1410 868 1472 872 1484 864 1497 874 1582 883 1608 872 1649 874 1670 889 1696 874 1706 878 1713 917 1702 964 1685 953 1649 960 1638 951 1501 951 1491 942 1429 951 989 942 968 951 949 942 360 938 349 947 337 938 292 938 266 949 251 938 170 938"/>
            </Shape>
	        <String CONTENT="Le SCANDALE de la DÉTENTION PROLONGÉE de M. CAILLAUX, Il n&#39;en est pas" HPOS="168.0" VPOS="846.0" WIDTH="1545.0" HEIGHT="118.0"></String>
          </TextLine>
        
        
	      <TextLine ID="eSc_line_229713" BASELINE="296 980 453 980 699 981 812 979 874 981 927 985 1627 983 1671 990" HPOS="294.0" VPOS="940.0" WIDTH="1376.0" HEIGHT="94.0">
            <Shape>
              <Polygon POINTS="294 979 305 949 460 949 475 940 526 951 571 951 588 940 622 951 657 940 669 951 746 942 789 955 876 942 1060 957 1395 951 1414 962 1489 945 1504 955 1553 953 1572 964 1585 955 1604 964 1617 953 1642 964 1664 953 1670 989 1661 1024 1623 1034 1606 1026 1480 1026 1469 1034 1457 1024 1038 1024 989 983 870 979 780 979 742 1015 718 1021 622 1015 612 1024 563 1013 475 1013 465 1021 443 1013 413 1019 296 1011"/>
            </Shape>
	        <String CONTENT="moins désigné au MANS comme CANDIDAT aux prochaines ÉLECTIONS" HPOS="294.0" VPOS="940.0" WIDTH="1376.0" HEIGHT="94.0"></String>
          </TextLine>
        
        
	      <TextLine ID="eSc_line_229770" BASELINE="731 1028 1041 1031" HPOS="729.0" VPOS="1009.0" WIDTH="309.0" HEIGHT="79.0">
            <Shape>
              <Polygon POINTS="729 1026 759 1011 785 1024 800 1011 814 1017 829 1009 849 1021 883 1011 908 1019 917 1013 940 1028 962 1019 1026 1021 1038 1030 1032 1085 974 1068 942 1088 921 1066 904 1083 872 1070 855 1079 827 1068 817 1077 800 1068 731 1081"/>
            </Shape>
	        <String CONTENT="LEGISLATIVES" HPOS="729.0" VPOS="1009.0" WIDTH="309.0" HEIGHT="79.0"></String>
          </TextLine>
        
        
	      <TextLine ID="eSc_line_229700" BASELINE="844 1239 1125 1242 1220 1243" HPOS="842.0" VPOS="1209.0" WIDTH="376.0" HEIGHT="60.0">
            <Shape>
              <Polygon POINTS="842 1237 872 1213 923 1216 942 1226 970 1216 1051 1222 1162 1218 1173 1209 1211 1228 1218 1241 1211 1269 1064 1269 1045 1248 1021 1267 953 1267 940 1254 925 1267 866 1265 844 1248"/>
            </Shape>
	        <String CONTENT="Mon cher Butler," HPOS="842.0" VPOS="1209.0" WIDTH="376.0" HEIGHT="60.0"></String>
          </TextLine>
        
        
	      <TextLine ID="eSc_line_229709" BASELINE="507 1386 832 1390 853 1395 1582 1393 1766 1397" HPOS="505.0" VPOS="1346.0" WIDTH="1259.0" HEIGHT="102.0">
            <Shape>
              <Polygon POINTS="505 1384 526 1358 580 1378 599 1358 629 1367 646 1350 672 1346 693 1367 898 1363 915 1378 928 1365 1092 1361 1105 1369 1124 1365 1152 1382 1190 1356 1269 1376 1299 1363 1339 1369 1361 1361 1376 1371 1666 1367 1683 1378 1698 1363 1742 1369 1757 1356 1764 1395 1757 1433 1742 1427 1708 1444 1664 1433 1653 1440 1638 1425 1621 1442 1548 1442 1536 1433 1463 1440 1440 1416 1388 1425 1378 1418 1354 1442 1305 1442 1277 1431 1269 1440 1194 1444 1152 1442 1124 1414 1109 1414 1073 1440 1056 1440 1038 1422 1021 1440 989 1437 972 1420 953 1440 923 1437 913 1448 876 1437 827 1401 808 1418 772 1405 718 1442 676 1440 663 1448 622 1412 593 1412 580 1399 561 1418 526 1416 507 1397"/>
            </Shape>
	        <String CONTENT="La calomnie n&#39;est pas morte. Elle ne triomphe encore que" HPOS="505.0" VPOS="1346.0" WIDTH="1259.0" HEIGHT="102.0"></String>
          </TextLine>
        
        
	      <TextLine ID="eSc_line_229714" BASELINE="283 1461 793 1461 836 1465 1164 1467 1292 1472 1742 1467" HPOS="283.0" VPOS="1418.0" WIDTH="1459.0" HEIGHT="105.0">
            <Shape>
              <Polygon POINTS="283 1461 302 1429 322 1437 386 1437 398 1448 420 1431 473 1435 492 1418 522 1440 646 1433 667 1450 680 1440 740 1435 768 1444 827 1440 844 1450 870 1435 906 1454 932 1437 972 1433 1011 1442 1085 1435 1117 1452 1179 1437 1198 1450 1224 1437 1292 1435 1320 1444 1386 1442 1405 1454 1444 1444 1469 1457 1493 1437 1612 1448 1721 1446 1736 1437 1742 1467 1736 1501 1719 1497 1681 1516 1636 1497 1617 1514 1600 1504 1580 1518 1544 1508 1527 1518 1482 1510 1454 1523 1425 1512 1346 1512 1337 1504 1322 1514 1275 1514 1265 1504 1241 1516 1211 1516 1184 1493 1130 1489 1117 1478 1098 1495 1045 1489 977 1516 928 1491 870 1495 846 1476 797 1516 772 1506 759 1514 718 1514 663 1478 625 1499 554 1478 484 1495 469 1484 443 1484 430 1497 401 1472 377 1491 345 1480 285 1480"/>
            </Shape>
	        <String CONTENT="trop insolemment puisque M. CAILLAUX est toujours en prison, sans" HPOS="283.0" VPOS="1418.0" WIDTH="1459.0" HEIGHT="105.0"></String>
          </TextLine>
        
        
	      <TextLine ID="eSc_line_229702" BASELINE="280 1542 328 1538 1275 1540 1303 1536 1331 1542 1739 1542" HPOS="279.0" VPOS="1497.0" WIDTH="1459.0" HEIGHT="105.0">
            <Shape>
              <Polygon POINTS="279 1540 294 1514 334 1497 369 1514 392 1504 420 1523 437 1512 509 1518 558 1510 576 1525 593 1512 648 1525 672 1510 772 1512 780 1521 836 1514 846 1525 864 1512 910 1527 928 1514 960 1510 970 1518 1049 1516 1085 1536 1132 1512 1158 1529 1173 1516 1331 1521 1341 1512 1388 1521 1431 1514 1448 1529 1489 1512 1510 1521 1591 1521 1606 1510 1642 1529 1666 1510 1676 1518 1713 1516 1732 1501 1738 1540 1725 1587 1627 1580 1591 1593 1563 1582 1550 1589 1518 1565 1482 1589 1418 1589 1390 1568 1371 1568 1335 1595 1320 1585 1252 1589 1241 1578 1228 1587 1160 1591 1111 1563 1077 1589 1030 1589 1002 1568 966 1591 945 1585 906 1550 838 1602 763 1565 746 1574 733 1568 701 1591 678 1591 652 1570 541 1572 505 1557 458 1565 424 1553 375 1572 343 1557 313 1576 283 1550"/>
            </Shape>
	        <String CONTENT="qu&#39;on ose ni le juger ni le lâcher, et puisque tant d’autres sont" HPOS="279.0" VPOS="1497.0" WIDTH="1459.0" HEIGHT="105.0"></String>
          </TextLine>
        
        
	      <TextLine ID="eSc_line_229710" BASELINE="274 1617 1546 1612" HPOS="273.0" VPOS="1570.0" WIDTH="1271.0" HEIGHT="100.0">
            <Shape>
              <Polygon POINTS="273 1614 298 1580 362 1585 371 1576 384 1585 471 1585 484 1595 531 1582 552 1600 580 1587 622 1602 646 1587 733 1591 750 1574 770 1593 821 1595 836 1610 864 1582 900 1593 981 1591 998 1604 1017 1587 1120 1589 1130 1580 1158 1600 1175 1587 1267 1595 1301 1587 1329 1602 1346 1591 1386 1595 1397 1587 1480 1593 1506 1570 1538 1578 1544 1610 1540 1666 1506 1642 1476 1640 1437 1668 1420 1653 1401 1664 1329 1666 1294 1636 1265 1666 1186 1664 1156 1642 1134 1640 1107 1664 1062 1666 1038 1661 1000 1632 957 1670 904 1666 874 1642 825 1649 795 1640 748 1666 712 1638 697 1649 663 1638 646 1646 622 1623 593 1644 556 1621 533 1642 503 1636 486 1619 454 1644 437 1646 413 1632 386 1634 375 1644 347 1632 330 1642 320 1632 277 1640"/>
            </Shape>
	        <String CONTENT="disparus ou en disgrâce, depuis JAURES jusqu&#39;à PAINLEVÉ." HPOS="273.0" VPOS="1570.0" WIDTH="1271.0" HEIGHT="100.0"></String>
          </TextLine>
        
        
	      <TextLine ID="eSc_line_229711" BASELINE="505 1683 823 1683 861 1687 1162 1689 1223 1693 1676 1693 1728 1687" HPOS="503.0" VPOS="1640.0" WIDTH="1225.0" HEIGHT="77.0">
            <Shape>
              <Polygon POINTS="503 1681 529 1657 605 1668 684 1657 712 1676 725 1666 757 1666 770 1653 800 1668 913 1666 955 1674 979 1664 1019 1678 1034 1664 1262 1666 1305 1646 1324 1664 1405 1664 1422 1678 1472 1640 1499 1666 1608 1664 1625 1672 1651 1653 1683 1666 1708 1659 1728 1685 1704 1715 1668 1717 1568 1715 1555 1702 1542 1715 1459 1715 1427 1704 1418 1713 1363 1713 1354 1704 1346 1713 1034 1710 1021 1698 1009 1708 962 1708 953 1700 942 1708 864 1708 718 1706 710 1698 565 1704 505 1693"/>
            </Shape>
	        <String CONTENT="CAILLAUX embarrasse le Gouvernement/et le SÉNAT de plus" HPOS="503.0" VPOS="1640.0" WIDTH="1225.0" HEIGHT="77.0"></String>
          </TextLine>
        
        
	      <TextLine ID="eSc_line_229703" BASELINE="290 1762 721 1760 742 1764 810 1766 1670 1769" HPOS="288.0" VPOS="1721.0" WIDTH="1380.0" HEIGHT="77.0">
            <Shape>
              <Polygon POINTS="288 1760 296 1738 330 1736 352 1749 379 1723 407 1721 424 1738 443 1736 477 1753 507 1730 554 1734 571 1747 657 1728 684 1751 701 1740 804 1745 838 1732 861 1749 945 1736 1073 1736 1094 1747 1177 1728 1203 1747 1220 1738 1297 1740 1312 1755 1337 1738 1393 1747 1412 1736 1448 1747 1582 1736 1600 1753 1625 1734 1661 1751 1668 1768 1644 1796 1629 1785 1533 1796 1510 1783 1482 1794 1367 1789 1350 1798 1314 1779 1292 1794 1192 1798 1156 1792 1134 1777 1105 1789 1088 1777 1041 1796 985 1781 932 1796 898 1783 883 1796 842 1798 765 1783 757 1792 699 1794 684 1781 669 1796 642 1794 622 1774 599 1787 571 1774 526 1796 509 1796 480 1772 454 1796 422 1783 398 1794 384 1787 371 1798 347 1781 324 1794 292 1783"/>
            </Shape>
	        <String CONTENT="en plus. Ah! s’il pouvait seulement s’évader ; comme on lui en" HPOS="288.0" VPOS="1721.0" WIDTH="1380.0" HEIGHT="77.0"></String>
          </TextLine>
        
        
	      <TextLine ID="eSc_line_229698" BASELINE="285 1838 1678 1841 1676 1832" HPOS="283.0" VPOS="1804.0" WIDTH="1391.0" HEIGHT="60.0">
            <Shape>
              <Polygon POINTS="283 1836 288 1813 315 1815 324 1806 373 1819 392 1809 420 1811 435 1824 484 1811 727 1811 768 1821 797 1811 872 1817 889 1828 906 1813 955 1821 1004 1811 1041 1828 1053 1817 1098 1811 1162 1813 1179 1828 1205 1813 1271 1817 1286 1830 1305 1813 1358 1821 1393 1811 1422 1828 1437 1813 1495 1815 1512 1828 1538 1811 1574 1804 1606 1815 1668 1813 1674 1830 1668 1864 1523 1864 1510 1853 1497 1864 1373 1864 1358 1851 1346 1864 1312 1864 1290 1847 1271 1864 1073 1864 1053 1862 1038 1847 1019 1864 998 1851 987 1862 955 1853 942 1864 904 1864 887 1849 866 1864 791 1864 774 1853 759 1864 501 1864 454 1862 437 1849 420 1862 390 1864 379 1856 288 1864"/>
            </Shape>
	        <String CONTENT="serait reconnaissant! mais il n&#39;y songe pas ou il s’y refuse." HPOS="283.0" VPOS="1804.0" WIDTH="1391.0" HEIGHT="60.0"></String>
          </TextLine>
        
        
	      <TextLine ID="eSc_line_229712" BASELINE="290 1913 874 1913 925 1917" HPOS="290.0" VPOS="1870.0" WIDTH="635.0" HEIGHT="99.0">
            <Shape>
              <Polygon POINTS="290 1913 292 1883 302 1877 341 1900 354 1890 384 1888 413 1898 435 1879 471 1892 533 1888 550 1870 595 1898 657 1885 682 1898 708 1885 763 1890 776 1900 793 1888 883 1888 917 1902 925 1917 919 1945 876 1956 861 1943 836 1969 814 1958 763 1964 748 1949 736 1960 680 1922 652 1943 601 1934 569 1954 509 1934 492 1945 475 1934 445 1943 411 1932 401 1943 364 1937 343 1947 334 1939 292 1937"/>
            </Shape>
	        <String CONTENT="Il ne demande que des juges." HPOS="290.0" VPOS="1870.0" WIDTH="635.0" HEIGHT="99.0"></String>
          </TextLine>
        
        
	      <TextLine ID="eSc_line_229715" BASELINE="507 1984 537 1990 582 1992 1528 1992 1561 1988 1721 1988" HPOS="505.0" VPOS="1937.0" WIDTH="1214.0" HEIGHT="79.0">
            <Shape>
              <Polygon POINTS="505 1984 507 1954 535 1962 573 1954 593 1962 612 1943 646 1943 659 1954 676 1937 691 1937 721 1964 746 1956 789 1966 814 1960 836 1975 853 1962 885 1960 898 1969 932 1960 962 1969 977 1960 1030 1966 1041 1977 1053 1964 1254 1969 1288 1960 1331 1977 1350 1964 1469 1964 1514 1952 1548 1966 1563 1958 1593 1964 1612 1952 1629 1964 1708 1954 1719 1986 1710 2001 1672 2016 1644 1998 1580 2016 1563 2016 1550 2003 1538 2013 1075 2016 1056 2013 1041 1998 1024 2013 923 2013 906 1996 889 2013 853 2013 838 1998 821 2013 718 2013 706 2003 684 2013 522 2013 507 1998"/>
            </Shape>
	        <String CONTENT="PAINLEVÉ vient de faire sensation au PARLEMENT par une" HPOS="505.0" VPOS="1937.0" WIDTH="1214.0" HEIGHT="79.0"></String>
          </TextLine>
        
        
	      <TextLine ID="eSc_line_229701" BASELINE="73 2125 608 2135 731 2141 994 2141" HPOS="72.0" VPOS="2069.0" WIDTH="920.0" HEIGHT="124.0">
            <Shape>
              <Polygon POINTS="72 2124 74 2069 119 2114 151 2092 172 2103 187 2088 213 2088 230 2105 290 2112 298 2103 320 2118 332 2107 347 2109 373 2086 390 2099 407 2097 426 2116 445 2116 460 2101 484 2112 516 2114 526 2105 537 2116 556 2116 590 2090 631 2090 652 2112 661 2107 680 2120 825 2116 838 2124 883 2116 896 2103 913 2114 977 2116 992 2139 985 2171 851 2171 832 2161 814 2178 782 2163 768 2171 714 2169 704 2178 642 2167 629 2180 584 2171 558 2193 526 2167 501 2169 492 2161 441 2180 418 2163 384 2184 345 2178 317 2150 273 2184 209 2163 189 2169 179 2158 153 2158 136 2176 74 2163"/>
            </Shape>
	        <String CONTENT="à Monsieur le Président N. Murray BUTLER" HPOS="72.0" VPOS="2069.0" WIDTH="920.0" HEIGHT="124.0"></String>
          </TextLine>
        
        
	      <TextLine ID="eSc_line_229699" BASELINE="297 2214 539 2212" HPOS="296.0" VPOS="2176.0" WIDTH="241.0" HEIGHT="81.0">
            <Shape>
              <Polygon POINTS="296 2212 298 2195 322 2176 384 2186 398 2176 411 2186 469 2176 509 2210 537 2210 531 2248 520 2252 460 2257 366 2246 347 2254 298 2246"/>
            </Shape>
	        <String CONTENT="NEW YORK" HPOS="296.0" VPOS="2176.0" WIDTH="241.0" HEIGHT="81.0"></String>
          </TextLine>
        </TextBlock>
        
      </PrintSpace>
    </Page>
  </Layout>
</alto>
