1920 2560
883.0 166.0 143.0 90.0 - 2 -

283.0 311.0 1502.0 113.0 protestation tellement éclatante et sincère, en ce qui concerne

273.0 386.0 1493.0 123.0 son ministre et l'échec de la fameuse attaque du 16 avril 1917

283.0 473.0 1594.0 139.0 qu’elle a soulevé presque toute la Chambre à son appel. Les journaux

273.0 552.0 1559.0 107.0 bien entendu, auront soin de n’en rien laisser transpirer, au loin,

283.0 631.0 1560.0 105.0 car la calomnie est devenue une entreprise de réaction internatio-

281.0 716.0 1585.0 113.0 nale ; c’est pourquoi je vous envoie le compte-rendu de la séance du

275.0 785.0 859.0 98.0 10 de ce mois où PAINLEVÉ a parlé.

531.0 868.0 1339.0 109.0 La conclusion de cette séance a été le vote unanime de la

294.0 951.0 1519.0 111.0 publication des/procès-verbaux des comités secrets où ont été dis-

279.0 1038.0 1263.0 92.0 cutées ces graves questions de la défense nationale.

522.0 1113.0 1331.0 98.0 Jamais je n’aurais cru qu'on attendrait si peu pour déci-

283.0 1190.0 1562.0 96.0 der cette publication. Elle est rendue obligatoire par l’impudence

283.0 1271.0 1534.0 102.0 des calomniateurs qui, à la veille des élections, rééditent leurs

283.0 1350.0 1543.0 102.0 mensonges et comptent s’ en servir pour égarer le pays troublé et

288.0 1425.0 1572.0 102.0 épuisé par la guerre. Il faut bien à toutes ces manœuvres, servies

283.0 1506.0 1562.0 100.0 par tant d’argent et de perfidies, opposer la vérité de l'officiel.

512.0 1585.0 1294.0 98.0 Excusez-moi de me répéter, mais faites bien attention,

283.0 1661.0 1468.0 99.0 mon cher Butler, qu’à NEW YORK, vous n’êtes guère renseigné, -

270.0 1738.0 1611.0 105.0 à part ma correspondance personnelle, - que par les journaux hostiles

262.0 1809.0 1555.0 100.0 à toutes nos idées de conciliation et tous nos amis, à tous les

270.0 1896.0 1187.0 102.0 partisans d’une sage organisation internationale.

520.0 1975.0 1336.0 98.0 J’appelle votre attention sur un autre fait qui n’est pas

300.0 2054.0 1481.0 96.0 passé inaperçu en France et Paris mais échappera sans doute à

300.0 2139.0 1417.0 111.0 l'étranger: les comités républicains de tous les cantons des
