2304 3072
826 107 190 100 - 3 -

545 217 1567 141 Cette indication d’Herriot est certainement insuffi-

215 330 1889 118 sante ; il est tr ès intelligent, tr ès actif, dévoué à nos idées,

204 427 1956 123 mais il est incapable de soutenir les hommes qui les soutiennent ;

207 529 2007 123 il sera le premier, apr ès nous avoir suggéré une initiative, à nous

204 632 1879 118 abandonner, le jour où elle rencontrera quelque obstacle. Mais

204 729 1997 115 Hanotaux lui-même n’en avait pas moins émis la même idée, au début

207 832 1935 115 de la guerre. Je n'ai rien répondu, rien dit, et je continuerai€s€

192 929 2009 112 à me taire ; mais si, apràs réflexion, il vous semblait qu'on puis-

204 1026 1977 113 se tirer quelque chose de ce projet et, avec toutes sortes de pré-

217 1126 2028 113 cautions indispensables, la réaliser dans une limite à étudier très

199 1231 1994 113 rigoureusement , peit-être pourrions-nous songer à préparer le ter

207 1328 1905 113 rain ? Il faudrait savoir d’abord si les Gouvernements Français

207 1431 1902 112 et Belge l’envisageraient favorablement, comme il est probable;

209 1525 1987 123 cela fait, si les deux Gouvernements étaient d’accord, non pas seu-

209 1640 2023 103 lement pour autoriser mais pour désirer l’enquête, alors, et alors

207 1728 2038 117 seulement, sous ma direction plus ou moins déclarée, nous pourrions

207 1830 1912 120 organiser une mission dont malheureusement Godart ne ferait pas

197 1927 2004 121 partie mais où vous enverriez Dutton, Jordan et un troisi ème Amé-

209 2030 1941 125 ricain, choisi parmi les meilleurs, un Brookling par exemple, ou

217 2132 1935 118 un Keppel, qui parle français je me mettrais d’accord avec Her-

199 2232 1889 123 rick,- perle rare, - pour qu’il prenne au besoin sur lui l'ini-

207 2337 1915 115 tiative d'en parler à notre Ministre de la Guerre et pour qu'il

207 2429 2004 125 facilite, d’accord avec moi, la mise en train... Cela n’est peut-

209 2521 1974 128 être pas impossible si l’enquête peut rester limitée à une simple

215 2634 1909 118 visite des villes et villages incendiés et pillés, de Louvain à

197 2736 1968 118 Reims, à Lille, à Soissons et à toute notre région de l'Est. Dans

217 2839 1961 133 ces limites, l’enquête serait assez simple ; elle se compliquerait
