2304 3072
734 46 200 99 - 5 -

148 125 2071 136 étant donné l’immensité du champ de bataille ouvert depuis l’Europe

176 243 2012 123 jusqu’à l'Océan Pacifique, on pourrait se borner à charger une com-

156 348 1994 117 mission de visiter simplement les territoires franco-belges, avec

166 458 2086 110 la mandat d'établir dans quelle mesure le droit des gens et les con-

156 560 1996 113 ventions de la Haye ont été violés ? C’est sur ce point bien cir-

158 660 1201 118 conscrit que j’appelle votre attention.

504 762 1582 108 Il est difficile aux Etats neutres de rester specta-

176 862 1956 105 teurs impassibles de ces violations qui les menacent au plus haut

166 962 1986 118 degré et de ne pas chercher à faire la lumi ère sur cette question

156 1059 727 126 d’un intérêt universel.

481 1159 1551 113 Les conventions de la Haye ont-elles été des actes

176 1262 2007 110 sérieux ou une comédie : un effort utile ou une dérision ? Un pro-

171 1361 2002 118 gr ès ou un recul ? Une manifestation de bonne volonté ou d’impuis-

176 1466 1976 113 sance, une manifestation superficielle n’aboutissant qu’à tromper

176 1569 1961 102 et à endormir l'opinion ? La consécration, en un mot, ou la scan-

176 1664 1976 115 daleuse et irrémédiable faillite du Droit ? Une pareille question

171 1761 1992 123 ne peut pas rester sans réponse, si nous voulons que les Gouverne-

168 1866 2054 118 ments accusés d’avoir été dupes ou complices, conservent encore quel

166 1968 1999 115 que autorité. L’opinion ne voudra pas et ne pourra pas rester dans

171 2065 2033 105 le doute sur ce point vital ; nous l’avions émue, appelée à l’espoir

163 2160 2002 113 à la confiance. Allons-nous la laisser retomber à plat, à la néga-

176 2250 1987 133 tion méprisante de toute une oeuvre qui la passionnait ? Les €Etats€

168 2360 2005 115 conventions de la Haye ont été signées par 44 Etats, par les Etats

176 2452 2046 115 neutres comme par les belligérants ; elles devraient être la garantie

181 2560 1938 97 de tous ; le devoir des neutres, comme leur intérêt, est de conti-

171 2654 1994 95 nuer à y croire, de ne pas s’en détacher, eux aussi. Ce serait sur-

179 2736 1971 167 tout le devoir et le rôle des Etats-Unis, apr ès la grande part que
