2304 3072
739 69 174 82 - 4 -

163 143 1874 202 au même degré tous les coeurs; mais il est assez général pour

156 302 1902 169 entraîner les timides et pour imposer silence aux mauvais ; car

174 409 1853 164 les mauvais, comme partout, subsistent à coté des autres ; ils

158 517 1872 130 attendent leur heure ; je le vois très bien, par exemple, à la

153 591 1976 179 Flèche, microcosme où j'ai fait mon apprentissage de la vie poli-

148 719 1879 151 tique. A la Fl èche, comme ailleurs, plus qu’ailleurs, les élé-

166 821 1864 146 ments réactionnaires, chauvins, stériles, haineux sont relati-

156 924 1950 138 vement nombreux et prédominants maintenant que tous les éléments

168 1011 1895 141 actifs et jeunes sont partis ; la Flèche, ville de retraités, de

140 1105 1897 141 veuves, de curés, de petites rentiers, sans autre commerce que

145 1205 1874 139 celui de faire vivre son école militaire, s’est constituée une

135 1310 1905 164 petite bourgeoisie, contemporains encore de Stendhal et de Bal-

145 1433 1800 115 zac, avare, égoïste et soi-disant religieuse pour être plus

138 1533 1871 120 intolérante ; petite bourgeoisie composée d’anciens je ne sais

143 1633 1851 130 quoi enrichis dans je ne sais quel petit commerce, grâce à je

153 1740 1818 103 ne sais quels petits héritages ou quelles successions d’exis-

135 1830 1941 118 tences uniquement tendues vers l'économie et le gain ; ces petits

140 1943 1818 107 bourgeois ont acheté aux environs de la petite ville quelque

145 2030 1895 117 petit château ; ils se sont affublés d’un titre auquel ils n'ont

158 2142 1836 105 aucun droit, mais si insignifiant que personne ne songe à leur

133 2245 1787 102 en demander l'origine ; ils sont ignorants autant qu'on peut

138 2334 1910 113 l'être et naturellement jaloux de tout ce qui prétend s’instrui-

135 2439 1841 100 re et surtout instruire le peuple !..... Tout ce petit monde

135 2521 1805 110 à La Fl èche, triomphe en ce moment de nos épreuves ; sa poli-

148 2626 1915 115 tique est celle de toute la réaction, la politique du pire: plus

138 2723 1718 105 cela ira mal, plus, pense-t-elle, le peuple, dégouté de la

140 2821 1777 105 République, voudra revenir à l'Empire, à la Royauté. En vain

156 2913 1689 125 toutes nos élections générales, les unes après les autres
