2304 3072
25.0 51.0 412.0 156.0 COPIE

1093.0 209.0 791.0 123.0 Schwanden, près Sigriswil

1569.0 284.0 412.0 112.0 Lac de Thoune,

1671.0 343.0 177.0 94.0 SUISSE

1272.0 424.0 333.0 116.0 6 Aout 1914

670 627 720 117 Cher Monsieur le Baron,

586.0 829.0 1549.0 118.0 Mes pensées et mes sympathies sont avec vous et avec

284 931 1892 128 votre patrie, si brutalement attaquée. J'ai vu venir ce danger

273 1034 1849 120 je vous l'ai dit à Paris, mais je n'aurais pas cru qu’il soit

299.0 1134.0 1725.0 146.0 si pr ès et j’espérais toujours que les éléments pacifistes

299.0 1254.0 909.0 105.0 pourraient encore le paralyser.

576 1331 1482 123 La voilà donc venue la catastrophe qui aurait dû

294 1441 1820 123 et pu être évitée. Les militaristes ont emporté la victoire

273.0 1541.0 1823.0 140.0 sur l’Empereur et son gouvernemant. Je l’ai annoncé l’année

299.0 1646.0 1769.0 122.0 passée, dans mon "Chauvinisme Allemand" qu’il fallait pren-

299.0 1758.0 645.0 110.0 dre garde à ce danger.

583 1825 1441 130 Je reste ici en Suisse ; il n'y a pas moyen pour

296.0 1937.0 1757.0 116.0 moi de rentrer en Allemagne, et je ne le voudrais même pas.

309.0 2042.0 1795.0 108.0 J’espère pouvoir travailler ici en paix, autant que possible

296.0 2127.0 1736.0 128.0 dans les circonstances actuelles. On me dit que M. Butler

309.0 2240.0 1785.0 115.0 est en Suisse. Ne pourriez-vous pas me donner son adresse ?

307.0 2337.0 1254.0 120.0 Je voudrais me mettre en rapport avec lui.

622.0 2424.0 1441.0 130.0 Soyez convaincu que mes voeux et mes pensées vous

307 2524 1656 153 accompagnent dans cette misère et que je serai toujours

1210.0 2629.0 492.0 135.0 Votre tout dévoué

1433.0 2739.0 318.0 102.0 O. Nippold

81.0 2859.0 1316.0 169.0 Monsieur le Baron d'Estournelles de Constant
