2304 3072
778 125 320 100 - 11 bis -

209 212 1859 123 dernier. Supposons la France même anéantie. Que restera-t-il de

222 320 1882 120 l'Allemagne ? rien, moins que rien, l'objet de l'exécration uni-

222 424 1777 105 verselle ; un fléau que l’Angleterre et la Russie inépuisable

215 524 1868 108 auront pour idéal et pour mission de faire disparaître, avec le

245 624 1705 105 concours tacite ou déclaré de tous les pays civilisés. S'il

245 724 1736 102 faut que la France, apr ès la Belgique, se sacrifie, elle est

248 816 1753 108 prête ; elle ne sera plus qu’une ruine, mais cette ruine sera

235 924 750 97 le tombeau des Allemands.

529 998 1590 113 Voilà où nous en sommes : l'Allemagne est jugée, condam-

235 1103 1889 118 née, quoi qu’il arrive, et devant de devoir sacré de la résistan-

225 1205 1753 110 ce française, pas un désaccord ne survient. Jeunes ou vieux,

222 1300 1818 108 riches ou pauvres, socialistes ou conservateurs, tous, séparés

222 1400 1756 107 hier, sont unis aujourd'hui pour repousser l’envahisseur. En

243 1495 1799 107 1870, un mois seulement apr ès la déclaration de la guerre tout

243 1589 1756 123 le monde en France criait: A la trahison! aujourd'hui la con-

248 1684 1800 110 fiance est partout ; quelle différence! Les Français n'ont plus

243 1776 1787 120 qu'une seule âme vouée a la défense commune. Toute force indi-

245 1873 1790 108 viduelle qui n’est pas consacrée à cette sainte cause est pour

256 1955 1817 126 nous une force perdue ; mon plus jeune fils ne pense qu’à devan-

243 2065 1712 113 cer le jour où son âge lui permettra de s’engager ; et quand

256 2150 1812 118 nous déplorons, plus que jamais la mort de son aîné, c’est pour

284 2240 1702 120 dire ce qu’écrivait hier ma femme "avec quel courage il eût

258 2329 1790 126 défendu sa patrie et donné sa vie pour elle ; que n'a-t-il péri

256 2437 1728 107 dans la bataille !" Vous voyez des enfants des femmes trouver

263 2521 1805 128 le moyen de servir ; des vieillards ranimés se lèvent pour avoir

248 2616 1715 118 la joie de €mourrir€ mourir debout ; mon collègue que vous avez

266 2711 1689 115 vu à Paris, assidu à nos séances du Groupe parlementaire de

276 2805 1728 110 l'arbitrage, le sénateur Emile Reymond, vice président de mon

268 2918 1526 120 groupe sénatorial de l’aviation, s’est fait porter, à
