2304 3072
811.0 92.0 1331.0 133.0 Clermont-Créans. (Sarthe) le 11 septembre 1914

829.0 355.0 151.0 85.0 N° 4

611.0 542.0 477.0 82.0 Mon cher Butler,

417.0 734.0 1600.0 92.0 Les Allemands semblent avoir compris que les atrocités

273.0 824.0 1869.0 128.0 qui ont aggravé honteusement leur sanglante violation de la neu-

281.0 931.0 1831.0 113.0 tralité belge n'ont servi qu’à soulever l’indignation générale

281.0 1029.0 1818.0 123.0 et, du même coùp à exaspérer les populations et les armées ad-

268.0 1131.0 1851.0 113.0 verses ; on m’assure que, contrairement aux récits des journaux

273.0 1228.0 1890.0 113.0 sensationnels, naturellement aussi empressés aujourd'hui à enve-

276.0 1318.0 1733.0 123.0 nimer la guerre qu’auparavant à la faire nâitre, les armées

266.0 1415.0 1894.0 100.0 allemandes opérant en France répudient les ignobles excès du dé-

276.0 1515.0 1751.0 102.0 but et respectent la vie et la propriété privées. Ce grand

276.0 1617.0 1882.0 103.0 changement, si tardif soit-il, atténuera l’horreur de la guerre

263.0 1715.0 1767.0 94.0 mais la France n'en ira pas moins, comme je vous l'ai écrit

263.0 1784.0 1825.0 136.0 jusqu’à la dernière limite des sacrifices. Elle usera l’armée

263.0 1896.0 1802.0 121.0 allemande et la détruira jour par jour en des combats qui se

268.0 2007.0 1844.0 125.0 livrent partout, chacun s’y passionne et se prépare à la pour-

273.0 2104.0 1813.0 136.0 suivre encore pendant des mois, jusqu’à ce que le militarisme

273.0 2216.0 1245.0 121.0 prussien soit abattu une fois pour toutes.

422.0 2301.0 1690.0 131.0 Les Belges que nous avons à Clermont-Créans, loin de nous

273.0 2406.0 1746.0 118.0 être à charge comme je le craignais, se rendent utiles ; ils

273.0 2493.0 1867.0 133.0 sont les très bienvenus à €rendre€ mesure qu’ils se font connaî-

271.0 2588.0 1848.0 135.0 tre et apprécier comme de braves gens, on les emploie dans les

281.0 2700.0 1784.0 113.0 maisons, dans les fermes, dans les champs ; on en demanderait

15.0 2836.0 1393.0 136.0 à Monsieur le Président Nicholas Murray BUTLER

532.0 2923.0 246.0 85.0 NEW-YORK
