<?xml version="1.0" encoding="UTF-8"?>
<alto xmlns:xsi="http://www.w3.org/2001/XMLSchema-instance"
	  xmlns="http://www.loc.gov/standards/alto/ns-v4#"
	  xsi:schemaLocation="http://www.loc.gov/standards/alto/ns-v4# https://gitlab.inria.fr/scripta/escriptorium/-/raw/develop/app/escriptorium/static/alto-4-1-baselines.xsd">
  <Description>
	<MeasurementUnit>pixel</MeasurementUnit>
	<sourceImageInformation>
	  <fileName>P1110432.JPG</fileName>
	</sourceImageInformation>
  </Description>
  <Layout>
    <Page WIDTH="2304" HEIGHT="3072" PHYSICAL_IMG_NR="4" ID="eSc_dummypage_">
      <PrintSpace HPOS="0" VPOS="0" WIDTH="2304" HEIGHT="3072">
        
        <TextBlock ID="eSc_dummyblock_">
	      <TextLine ID="eSc_line_326307" BASELINE="788 74 962 74" HPOS="788" VPOS="25" WIDTH="174" HEIGHT="100">
            <Shape>
              <Polygon POINTS="788 74 793 40 826 51 862 25 901 40 947 40 962 74 957 110 924 110 908 125 880 110 816 115 793 99"/>
            </Shape>
	        <String CONTENT="- 4 -" HPOS="788" VPOS="25" WIDTH="174" HEIGHT="100"></String>
          </TextLine>
        
        
	      <TextLine ID="eSc_line_326308" BASELINE="424 225 596 225 688 230 1410 227 1620 238 2019 238 2184 245" HPOS="422" VPOS="156" WIDTH="1761" HEIGHT="133">
            <Shape>
              <Polygon POINTS="422 222 427 176 494 184 522 161 560 189 586 179 606 189 616 179 670 192 701 168 721 186 829 186 857 176 872 189 893 179 919 189 985 158 1049 199 1134 156 1218 186 1282 176 1338 197 1415 176 1448 194 1469 184 1492 197 1528 176 1576 202 1617 181 1661 189 1735 163 1771 163 1815 192 1873 192 1894 174 1914 174 1932 189 1955 179 1976 197 2027 204 2053 186 2063 197 2081 181 2106 181 2176 212 2183 243 2176 271 2150 281 2122 273 2086 289 2060 273 2014 281 1940 261 1909 279 1889 261 1827 250 1774 271 1743 268 1730 256 1617 258 1579 281 1543 266 1505 279 1474 261 1415 261 1400 271 1354 261 1338 273 1287 261 1269 273 1216 256 1180 266 1126 256 1108 268 1054 250 1008 273 970 261 903 273 872 261 857 276 826 266 750 276 724 253 698 273 611 273 576 261 545 276 517 266 437 266 427 276"/>
            </Shape>
	        <String CONTENT="L&#39;Empereur Guillaume II ne gagnera rien à être défendu par" HPOS="422" VPOS="156" WIDTH="1761" HEIGHT="133"></String>
          </TextLine>
        
        
	      <TextLine ID="eSc_line_326309" BASELINE="279 322 532 332 588 330 1687 332 1748 327 1776 335 1866 335 1914 343 2048 343 2114 335" HPOS="279" VPOS="276" WIDTH="1835" HEIGHT="110">
            <Shape>
              <Polygon POINTS="279 322 281 281 291 276 348 302 401 284 542 286 570 299 604 279 647 296 704 286 732 309 762 284 796 281 888 294 924 279 947 296 975 299 1013 286 1152 291 1182 279 1310 299 1451 299 1510 284 1528 299 1589 291 1651 302 1674 284 1756 302 1784 284 1802 291 1848 279 1866 291 1909 286 1937 302 1976 284 2022 296 2058 289 2106 304 2114 335 2106 366 2081 373 2030 363 1991 373 1960 358 1935 376 1876 360 1697 368 1684 358 1587 358 1559 378 1507 360 1479 373 1425 360 1395 386 1372 368 1274 355 1259 368 1244 358 1223 373 1198 358 1175 373 1136 358 1036 371 1006 360 983 378 967 366 926 371 911 358 808 366 793 376 778 368 765 378 734 360 675 373 663 363 614 363 599 376 529 360 481 363 440 381 412 360 396 371 327 373 304 358 284 368"/>
            </Shape>
	        <String CONTENT="la presse de M. Hearst ;il portera, quoi qu&#39;on en dise, toute" HPOS="279" VPOS="276" WIDTH="1835" HEIGHT="110"></String>
          </TextLine>
        
        
	      <TextLine ID="eSc_line_326310" BASELINE="266 424 412 424 437 419 478 427 578 427 668 435 1753 432 1996 435 2055 430 2088 440" HPOS="266" VPOS="373" WIDTH="1822" HEIGHT="108">
            <Shape>
              <Polygon POINTS="266 424 271 381 330 389 350 404 381 386 606 391 652 373 704 391 760 389 785 376 814 399 834 384 890 401 949 384 988 407 1026 386 1139 391 1157 381 1210 412 1262 381 1297 396 1333 373 1359 396 1530 391 1548 404 1561 394 1640 396 1656 386 1694 404 1740 394 1779 401 1794 389 1817 401 1868 401 1930 384 1960 401 2017 386 2042 399 2081 384 2088 440 2081 476 2045 468 2030 481 2014 468 1978 478 1960 463 1922 478 1886 460 1863 471 1768 465 1751 476 1710 460 1571 473 1553 458 1530 468 1515 455 1464 473 1402 458 1280 468 1216 455 1118 468 1064 460 1039 473 952 460 911 468 878 453 791 473 663 460 622 481 573 455 550 476 522 465 483 476 419 453 399 471 294 460 271 473"/>
            </Shape>
	        <String CONTENT="la responsabilité de la guerre. Nulle part plus qu&#39;en France" HPOS="266" VPOS="373" WIDTH="1822" HEIGHT="108"></String>
          </TextLine>
        
        
	      <TextLine ID="eSc_line_326311" BASELINE="268 527 857 524 883 529 1029 532 1100 537 1978 535 2042 540" HPOS="268" VPOS="473" WIDTH="1774" HEIGHT="108">
            <Shape>
              <Polygon POINTS="268 527 273 491 286 483 399 491 483 478 514 494 532 481 570 494 632 488 652 501 673 486 752 483 768 496 808 488 839 504 885 478 911 494 960 486 995 509 1013 494 1062 494 1085 478 1126 494 1177 488 1223 517 1254 491 1359 499 1382 488 1402 506 1425 491 1484 496 1510 473 1536 494 1628 499 1640 488 1666 501 1681 488 1699 504 1789 488 1848 499 1889 486 1937 501 1953 488 1968 499 1999 491 2035 499 2042 540 2017 573 1999 568 1978 581 1930 565 1884 563 1873 573 1804 558 1735 578 1720 563 1646 573 1617 560 1600 573 1502 563 1367 570 1226 552 1205 570 1169 573 1136 563 1095 573 1064 558 1041 573 990 565 972 576 947 560 893 576 837 565 811 573 760 552 750 563 614 581 583 563 529 578 504 570 435 581 399 558 376 573 273 576"/>
            </Shape>
	        <String CONTENT="l&#39;opinion ne lui a fait crédit, aussi longtemps qu&#39;on a pu" HPOS="268" VPOS="473" WIDTH="1774" HEIGHT="108"></String>
          </TextLine>
        
        
	      <TextLine ID="eSc_line_326312" BASELINE="266 622 327 629 1267 627 1356 640 1738 637 2032 640 2094 632" HPOS="266" VPOS="568" WIDTH="1828" HEIGHT="115">
            <Shape>
              <Polygon POINTS="266 622 276 591 368 586 391 573 427 591 481 583 509 604 591 581 657 583 680 601 742 568 762 586 872 583 896 599 924 581 985 604 1018 583 1047 578 1077 591 1100 576 1128 593 1164 583 1192 604 1223 591 1285 596 1308 583 1346 606 1382 576 1436 601 1495 588 1541 604 1607 578 1638 599 1717 596 1733 609 1751 596 1930 596 1978 599 2007 616 2042 596 2065 599 2094 632 2086 668 2055 675 2001 652 1973 675 1930 665 1879 675 1861 665 1822 683 1784 665 1753 668 1733 650 1710 670 1615 668 1600 655 1561 665 1528 652 1497 670 1431 663 1405 673 1346 657 1310 675 1287 665 1267 675 1236 657 1223 668 1205 657 1100 670 1064 657 1044 675 1031 665 947 665 929 655 791 675 770 660 744 680 732 668 688 670 668 655 647 670 576 660 542 678 504 665 486 675 463 668 381 680 271 675"/>
            </Shape>
	        <String CONTENT="espérer qu’il rêvait la gloire sans égale d&#39;être Empereur de" HPOS="266" VPOS="568" WIDTH="1828" HEIGHT="115"></String>
          </TextLine>
        
        
	      <TextLine ID="eSc_line_326313" BASELINE="268 727 348 727 378 734 430 729 1776 729 1809 734 1914 737 1943 742 2096 742" HPOS="268" VPOS="673" WIDTH="1828" HEIGHT="107">
            <Shape>
              <Polygon POINTS="268 727 273 688 289 680 345 701 366 686 422 691 440 675 519 709 565 678 581 691 599 675 647 696 678 673 729 691 785 678 801 688 849 688 865 678 949 706 1013 678 1059 693 1095 686 1113 701 1162 683 1177 693 1239 693 1292 673 1336 696 1420 701 1474 691 1528 706 1548 688 1584 698 1625 691 1648 704 1699 683 1738 701 1799 698 1843 683 1858 696 1896 698 1917 716 1960 680 2027 701 2081 696 2096 742 2073 770 2017 765 1986 775 1917 755 1830 775 1797 757 1725 770 1643 757 1551 770 1528 750 1451 775 1384 760 1292 768 1280 757 1149 770 1121 755 1098 768 1057 768 1034 755 983 770 878 752 847 768 691 765 675 775 622 770 581 780 545 757 506 778 432 780 396 760 322 765 273 752"/>
            </Shape>
	        <String CONTENT="la paix. Les Français, plus sensibles que lui-même aux séduc-" HPOS="268" VPOS="673" WIDTH="1828" HEIGHT="107"></String>
          </TextLine>
        
        
	      <TextLine ID="eSc_line_326314" BASELINE="261 829 332 829 389 834 640 834 665 829 780 829 808 834 2004 832 2030 837 2137 837" HPOS="261" VPOS="768" WIDTH="1876" HEIGHT="117">
            <Shape>
              <Polygon POINTS="261 829 266 793 304 778 337 791 414 785 442 803 471 780 527 791 596 780 624 801 647 780 760 778 801 788 839 768 890 796 921 783 1026 796 1054 783 1072 796 1256 793 1300 811 1333 791 1410 791 1433 803 1515 791 1553 808 1571 793 1612 801 1638 788 1692 798 1717 780 1735 796 1866 796 1889 814 1922 785 1948 796 1986 780 2014 796 2112 788 2129 801 2137 837 2127 867 2078 872 2060 857 2012 883 1989 867 1963 875 1948 865 1927 878 1909 865 1889 880 1863 860 1830 875 1797 862 1633 872 1607 865 1594 875 1566 875 1551 862 1495 865 1479 878 1451 862 1425 872 1395 862 1282 872 1228 860 1213 872 1167 862 1113 878 1090 860 1070 875 1034 860 977 870 962 857 944 872 926 860 893 872 870 860 814 870 757 849 709 870 547 870 509 842 427 875 394 857 366 880 348 875 335 885 266 875"/>
            </Shape>
	        <String CONTENT="tions d’une destinée incomparable, lui ont prêté leur idéal de" HPOS="261" VPOS="768" WIDTH="1876" HEIGHT="117"></String>
          </TextLine>
        
        
	      <TextLine ID="eSc_line_326315" BASELINE="258 926 294 931 343 924 947 924 1018 931 1049 929 1146 936 2053 934 2088 939" HPOS="258" VPOS="872" WIDTH="1830" HEIGHT="113">
            <Shape>
              <Polygon POINTS="258 926 276 888 419 888 437 872 496 898 517 883 632 890 655 878 698 888 724 911 762 883 1006 890 1018 880 1052 890 1080 880 1103 901 1134 885 1182 890 1210 872 1272 893 1341 898 1397 888 1431 901 1569 885 1620 901 1651 888 1664 898 1768 890 1781 901 1863 901 1891 888 1904 898 1950 893 1981 903 2027 885 2045 901 2081 898 2088 939 2078 960 2022 972 1973 957 1909 972 1835 965 1807 983 1771 962 1699 975 1676 960 1638 965 1617 983 1569 962 1528 962 1502 975 1443 957 1400 977 1382 962 1331 960 1310 975 1267 957 1144 970 1105 939 1072 965 1052 957 1013 970 988 957 916 970 885 944 852 965 803 952 755 972 540 970 517 954 458 980 414 983 381 965 279 985 263 975"/>
            </Shape>
	        <String CONTENT="progr ès humain, leur propre espérance, celle d’un accord ho-" HPOS="258" VPOS="872" WIDTH="1830" HEIGHT="113"></String>
          </TextLine>
        
        
	      <TextLine ID="eSc_line_326316" BASELINE="279 1029 1175 1026 1239 1034 1274 1034 1320 1041 1354 1036 2214 1039" HPOS="279" VPOS="975" WIDTH="1935" HEIGHT="113">
            <Shape>
              <Polygon POINTS="279 1029 284 988 368 983 481 988 512 1006 568 977 581 988 632 980 647 990 680 975 721 990 739 983 796 1008 819 990 913 985 931 1000 954 983 1026 990 1047 1003 1113 983 1157 993 1182 977 1374 993 1402 983 1418 995 1451 983 1464 993 1548 998 1587 975 1605 990 1699 1000 1774 977 1812 990 1838 983 1858 995 1981 995 2012 983 2024 993 2142 1003 2158 990 2206 1003 2214 1039 2204 1057 2158 1072 2024 1064 2009 1075 1996 1064 1976 1072 1896 1062 1850 1075 1815 1062 1776 1064 1761 1077 1702 1077 1684 1062 1635 1070 1466 1059 1415 1075 1338 1059 1315 1075 1264 1059 1236 1075 1208 1057 1085 1067 1044 1039 1006 1070 975 1052 936 1072 870 1054 824 1070 798 1049 760 1067 711 1064 675 1080 660 1067 616 1077 576 1052 519 1077 486 1067 463 1080 407 1080 368 1054 307 1088 284 1082"/>
            </Shape>
	        <String CONTENT="norable, durable, par des concessions mutuelles, entre la France" HPOS="279" VPOS="975" WIDTH="1935" HEIGHT="113"></String>
          </TextLine>
        
        
	      <TextLine ID="eSc_line_326317" BASELINE="256 1123 327 1131 1461 1128 1489 1134 1651 1141 2035 1141 2206 1134" HPOS="256" VPOS="1077" WIDTH="1950" HEIGHT="105">
            <Shape>
              <Polygon POINTS="256 1123 261 1103 281 1088 322 1082 345 1098 368 1085 391 1093 586 1082 604 1095 616 1085 686 1088 727 1111 760 1085 783 1082 834 1093 980 1082 1024 1098 1057 1077 1118 1093 1180 1080 1203 1095 1315 1090 1400 1103 1448 1090 1543 1098 1564 1082 1600 1098 1669 1090 1684 1100 1697 1090 1766 1108 1789 1095 1899 1098 1922 1082 1986 1098 2012 1085 2101 1100 2188 1098 2206 1134 2199 1167 2045 1167 2027 1182 1963 1175 1948 1162 1850 1169 1830 1157 1799 1172 1745 1162 1692 1180 1661 1164 1584 1177 1564 1167 1515 1175 1464 1164 1428 1182 1367 1162 1300 1159 1274 1172 1175 1159 1131 1175 1072 1144 1057 1157 1018 1146 993 1164 949 1159 936 1169 916 1157 862 1154 775 1169 739 1144 704 1169 655 1154 611 1169 591 1154 540 1149 519 1164 488 1157 458 1180 407 1144 368 1154 345 1141 261 1169"/>
            </Shape>
	        <String CONTENT="et l’Allemagne. Beaucoup d&#39;Américains, nourris de l’enseignement" HPOS="256" VPOS="1077" WIDTH="1950" HEIGHT="105"></String>
          </TextLine>
        
        
	      <TextLine ID="eSc_line_326318" BASELINE="263 1226 299 1233 1868 1231 1904 1236 2053 1239" HPOS="263" VPOS="1177" WIDTH="1790" HEIGHT="103">
            <Shape>
              <Polygon POINTS="263 1226 268 1195 286 1182 376 1198 455 1182 535 1192 696 1177 737 1203 788 1187 837 1187 847 1198 872 1177 908 1192 926 1182 949 1195 1054 1190 1088 1210 1128 1185 1146 1195 1169 1187 1239 1198 1274 1185 1315 1200 1356 1177 1382 1200 1410 1187 1420 1198 1451 1190 1469 1205 1492 1190 1541 1198 1556 1185 1566 1195 1597 1187 1702 1203 1866 1203 1955 1190 2009 1198 2042 1185 2053 1239 2045 1267 2012 1280 1932 1262 1894 1274 1868 1267 1848 1280 1820 1262 1776 1274 1697 1262 1676 1272 1571 1262 1556 1272 1433 1264 1410 1274 1369 1262 1344 1280 1297 1262 1272 1272 1228 1262 1208 1274 1187 1262 1159 1277 1121 1264 1011 1269 990 1256 890 1254 875 1267 852 1254 821 1269 739 1241 711 1262 701 1251 665 1267 637 1256 616 1272 573 1249 540 1269 496 1264 450 1277 378 1236 330 1277 302 1277 268 1254"/>
            </Shape>
	        <String CONTENT="des universités allemandes, beaucoup de neutres ont partagé" HPOS="263" VPOS="1177" WIDTH="1790" HEIGHT="103"></String>
          </TextLine>
        
        
	      <TextLine ID="eSc_line_326319" BASELINE="276 1333 2094 1333 2178 1333 2220 1332" HPOS="273" VPOS="1280" WIDTH="1946" HEIGHT="104">
            <Shape>
              <Polygon POINTS="273 1331 279 1297 299 1290 412 1292 435 1308 453 1292 506 1285 522 1295 591 1290 622 1303 678 1287 714 1297 737 1285 798 1305 826 1290 849 1297 896 1287 924 1310 970 1290 1021 1310 1070 1287 1082 1297 1134 1287 1198 1297 1216 1285 1236 1297 1369 1290 1587 1303 1656 1292 1674 1280 1761 1310 1807 1292 1978 1295 1996 1280 2017 1292 2053 1285 2073 1300 2112 1290 2137 1305 2188 1303 2219 1331 2211 1356 2170 1379 2137 1367 2081 1367 2063 1379 2004 1382 1966 1361 1917 1377 1871 1361 1825 1372 1807 1364 1763 1379 1738 1364 1692 1377 1454 1364 1374 1374 1356 1361 1320 1369 1295 1359 1205 1369 1180 1359 1134 1369 1113 1359 1085 1369 1003 1359 983 1372 924 1344 885 1372 857 1359 834 1367 811 1351 778 1369 737 1354 706 1372 652 1372 616 1346 565 1382 545 1369 509 1384 481 1369 448 1382 386 1382 353 1356 307 1384 279 1382"/>
            </Shape>
	        <String CONTENT="comme vous, comme moi et comme bien des allemands, cette espéran" HPOS="273" VPOS="1280" WIDTH="1946" HEIGHT="104"></String>
          </TextLine>
        
        
	      <TextLine ID="eSc_line_326320" BASELINE="253 1431 455 1431 578 1438 2035 1438 2094 1431" HPOS="253" VPOS="1374" WIDTH="1841" HEIGHT="110">
            <Shape>
              <Polygon POINTS="253 1431 258 1402 286 1392 325 1390 350 1410 371 1410 404 1387 504 1387 545 1400 570 1395 586 1408 647 1384 706 1405 727 1390 768 1392 791 1374 808 1387 834 1379 849 1392 883 1387 906 1397 1021 1384 1062 1397 1123 1390 1159 1402 1203 1382 1313 1400 1369 1377 1451 1397 1492 1387 1510 1400 1541 1384 1556 1397 1638 1387 1671 1415 1740 1379 1774 1397 1809 1387 1843 1400 1873 1387 1902 1397 1945 1379 1976 1392 1991 1384 2004 1395 2086 1395 2094 1431 2086 1461 2014 1466 1999 1454 1948 1477 1920 1461 1751 1464 1712 1477 1671 1459 1615 1472 1597 1461 1502 1472 1489 1464 1466 1477 1446 1464 1361 1459 1333 1474 1318 1461 1241 1461 1226 1448 1205 1464 1169 1456 1149 1474 1121 1459 1082 1469 1062 1456 1021 1474 947 1459 919 1477 893 1456 852 1466 798 1459 785 1469 752 1459 737 1469 706 1443 691 1456 657 1451 614 1464 596 1451 560 1482 519 1454 460 1484 396 1461 376 1474 302 1479 258 1454"/>
            </Shape>
	        <String CONTENT="ce. Toutes ces manifestations d’un même besoin général de la" HPOS="253" VPOS="1374" WIDTH="1841" HEIGHT="110"></String>
          </TextLine>
        
        
	      <TextLine ID="eSc_line_326321" BASELINE="245 1529 302 1528 668 1528 755 1533 995 1533 1093 1528 1118 1533 1489 1536 2040 1536" HPOS="243" VPOS="1479" WIDTH="1794" HEIGHT="110">
            <Shape>
              <Polygon POINTS="243 1528 273 1495 348 1492 414 1505 437 1489 453 1500 483 1495 496 1507 517 1492 545 1502 581 1487 596 1500 629 1500 668 1482 698 1497 785 1489 803 1502 819 1492 875 1500 893 1489 967 1502 1011 1482 1044 1510 1070 1489 1095 1497 1111 1484 1149 1497 1213 1489 1231 1500 1264 1484 1287 1502 1328 1484 1349 1502 1392 1489 1436 1505 1502 1492 1620 1495 1643 1479 1710 1500 1730 1487 1743 1497 1781 1487 1835 1495 1858 1479 1873 1492 2030 1489 2037 1536 2030 1571 2014 1579 1996 1579 1968 1556 1894 1582 1866 1564 1781 1571 1692 1561 1674 1576 1656 1564 1630 1576 1592 1561 1559 1576 1543 1564 1523 1574 1446 1561 1361 1569 1344 1553 1318 1571 1213 1569 1192 1587 1167 1566 1026 1561 983 1574 949 1559 857 1582 806 1556 788 1571 765 1559 737 1574 719 1561 655 1589 609 1566 581 1587 565 1576 545 1587 512 1576 496 1589 483 1576 440 1584 348 1566 317 1589 276 1587 248 1564"/>
            </Shape>
	        <String CONTENT="paix ne pouvaient laisser Guillaume II indifférent ; mais il" HPOS="243" VPOS="1479" WIDTH="1794" HEIGHT="110"></String>
          </TextLine>
        
        
	      <TextLine ID="eSc_line_326322" BASELINE="256 1635 296 1630 1326 1633 1359 1628 1384 1635 1456 1635 1484 1630 1771 1630 1835 1635 2124 1635" HPOS="256" VPOS="1579" WIDTH="1868" HEIGHT="115">
            <Shape>
              <Polygon POINTS="256 1635 261 1592 284 1600 302 1587 373 1607 407 1594 496 1605 522 1584 581 1607 606 1597 663 1600 678 1587 706 1600 734 1587 785 1628 826 1597 924 1589 934 1600 954 1594 983 1617 1029 1589 1067 1605 1123 1597 1141 1610 1213 1587 1236 1605 1400 1594 1433 1617 1502 1584 1518 1597 1589 1589 1633 1600 1687 1589 1712 1602 1730 1589 1891 1594 1912 1579 1935 1600 2001 1582 2032 1597 2055 1584 2088 1589 2117 1612 2124 1635 2094 1664 1963 1664 1899 1679 1884 1666 1766 1664 1717 1679 1692 1664 1658 1674 1630 1664 1610 1676 1592 1661 1523 1666 1502 1679 1436 1656 1392 1676 1331 1664 1318 1674 1269 1666 1254 1679 1203 1664 1139 1671 1126 1661 1085 1674 1057 1664 995 1666 983 1656 962 1666 855 1669 801 1651 780 1669 729 1666 706 1681 673 1661 611 1694 586 1674 532 1684 496 1656 458 1676 345 1676 314 1692 276 1664 261 1669"/>
            </Shape>
	        <String CONTENT="n’a pas su ppter entre deux ambitions contradictoires, celle" HPOS="256" VPOS="1579" WIDTH="1868" HEIGHT="115"></String>
          </TextLine>
        
        
	      <TextLine ID="eSc_line_326323" BASELINE="276 1730 2009 1735" HPOS="276" VPOS="1684" WIDTH="1733" HEIGHT="108">
            <Shape>
              <Polygon POINTS="276 1730 281 1697 302 1689 343 1702 371 1694 401 1715 422 1702 535 1697 601 1697 642 1715 657 1699 688 1694 721 1707 760 1687 778 1702 890 1694 911 1704 949 1694 980 1717 1006 1694 1047 1702 1103 1687 1144 1704 1226 1697 1251 1717 1280 1697 1364 1704 1395 1689 1451 1692 1461 1702 1523 1694 1541 1704 1551 1694 1571 1707 1602 1689 1620 1702 1658 1687 1797 1699 1809 1689 1868 1694 1902 1684 1937 1712 1960 1692 2001 1694 2009 1735 2001 1763 1871 1756 1825 1776 1779 1761 1735 1771 1671 1761 1640 1779 1602 1758 1546 1776 1512 1766 1489 1784 1446 1768 1433 1781 1400 1776 1379 1763 1326 1763 1287 1779 1249 1758 1221 1784 1203 1771 1128 1779 1113 1766 1077 1784 1057 1774 1013 1776 977 1758 906 1786 893 1776 849 1781 834 1766 727 1763 711 1776 691 1763 665 1771 650 1758 599 1786 573 1776 550 1786 476 1763 412 1758 371 1792 353 1781 281 1784"/>
            </Shape>
	        <String CONTENT="d’un nouveau Washington appelant les Peuples d&#39;Europe à se" HPOS="276" VPOS="1684" WIDTH="1733" HEIGHT="108"></String>
          </TextLine>
        
        
	      <TextLine ID="eSc_line_326324" BASELINE="266 1830 302 1838 2173 1832" HPOS="266" VPOS="1779" WIDTH="1907" HEIGHT="110">
            <Shape>
              <Polygon POINTS="266 1830 271 1792 312 1781 337 1792 350 1784 366 1797 384 1786 409 1802 437 1794 494 1812 560 1797 591 1820 624 1799 714 1792 770 1822 801 1799 855 1792 926 1812 1011 1799 1095 1812 1131 1792 1169 1807 1241 1794 1267 1802 1287 1786 1318 1802 1377 1804 1405 1794 1512 1794 1525 1804 1548 1789 1582 1802 1658 1786 1684 1799 1725 1789 1786 1799 1876 1792 1891 1804 1935 1786 2101 1797 2129 1779 2165 1797 2173 1832 2165 1884 2140 1866 1986 1868 1966 1879 1930 1876 1907 1861 1812 1863 1761 1879 1735 1861 1707 1873 1689 1863 1602 1873 1525 1856 1505 1868 1390 1866 1359 1879 1303 1863 1236 1873 1210 1866 1177 1879 1157 1868 1136 1886 1118 1876 1064 1884 1039 1868 967 1876 921 1861 888 1876 829 1871 816 1881 747 1871 721 1886 693 1866 650 1884 609 1863 532 1879 504 1856 471 1879 427 1873 353 1889 335 1879 296 1889 271 1868"/>
            </Shape>
	        <String CONTENT="fédérer et celle d’un autre Napoléon Ier. Tandis qu’il écoutait" HPOS="266" VPOS="1779" WIDTH="1907" HEIGHT="110"></String>
          </TextLine>
        
        
	      <TextLine ID="eSc_line_326325" BASELINE="258 1940 1943 1937 2147 1940 2183 1932" HPOS="256" VPOS="1884" WIDTH="1925" HEIGHT="102">
            <Shape>
              <Polygon POINTS="256 1937 261 1899 273 1889 325 1907 358 1902 376 1917 407 1894 437 1904 481 1894 506 1907 558 1896 599 1909 647 1891 670 1909 711 1894 742 1896 778 1920 796 1907 880 1909 916 1896 1057 1907 1077 1894 1113 1904 1136 1886 1187 1925 1228 1891 1264 1894 1287 1912 1320 1894 1351 1904 1379 1891 1433 1907 1492 1904 1523 1889 1576 1907 1594 1891 1635 1904 1684 1891 1733 1902 1761 1884 1830 1904 1958 1889 2045 1902 2081 1884 2109 1907 2147 1889 2173 1894 2181 1930 2173 1960 2145 1976 2112 1953 2081 1973 2068 1963 1971 1963 1935 1981 1902 1958 1848 1968 1820 1955 1761 1966 1730 1984 1697 1960 1623 1973 1574 1963 1523 1976 1472 1976 1456 1966 1402 1981 1359 1968 1333 1978 1274 1968 1210 1986 1190 1971 1157 1978 1136 1966 1118 1976 1100 1966 1021 1976 939 1968 916 1981 896 1968 849 1978 819 1968 796 1986 645 1968 560 1981 506 1966 476 1981 442 1981 381 1955 332 1973 261 1971"/>
            </Shape>
	        <String CONTENT="nos exhortations conciliantes, il préparait non pas la guerre €s€" HPOS="256" VPOS="1884" WIDTH="1925" HEIGHT="102"></String>
          </TextLine>
        
        
	      <TextLine ID="eSc_line_326334" BASELINE="268 2035 330 2042 2158 2042 2228 2043" HPOS="266" VPOS="1976" WIDTH="1961" HEIGHT="118">
            <Shape>
              <Polygon POINTS="266 2032 271 2007 307 1991 332 2004 376 1991 399 2004 453 1994 476 2007 506 2007 522 1994 555 2012 606 2001 629 2009 650 1994 698 2012 744 1989 783 2007 806 1991 837 1996 849 1986 898 2007 985 1996 1018 2004 1036 1991 1085 2027 1146 1991 1198 2009 1241 1984 1292 1996 1323 1981 1351 2001 1392 1986 1420 2004 1448 1991 1489 2001 1515 1989 1556 1996 1594 1978 1615 1994 1669 1984 1699 1994 1812 1986 1863 1996 1894 1984 1912 1994 1937 1984 1971 1994 1986 1981 2022 1999 2040 1986 2124 1976 2150 1994 2199 1991 2219 2001 2227 2042 2211 2065 2045 2063 2022 2048 1960 2076 1940 2060 1894 2073 1866 2055 1835 2060 1809 2081 1776 2060 1745 2078 1728 2068 1676 2076 1653 2060 1635 2073 1592 2063 1559 2078 1530 2065 1456 2081 1441 2068 1359 2065 1292 2088 1246 2088 1205 2063 1154 2086 1113 2068 1077 2081 1021 2071 977 2094 947 2076 924 2086 903 2071 852 2068 808 2078 785 2068 737 2091 704 2073 683 2088 668 2078 622 2086 540 2073 445 2088 424 2073 396 2094 353 2081 314 2094 271 2068"/>
            </Shape>
	        <String CONTENT="seulement mais l’offensive, la violation du droit des gens et des" HPOS="266" VPOS="1976" WIDTH="1961" HEIGHT="118"></String>
          </TextLine>
        
        
	      <TextLine ID="eSc_line_326328" BASELINE="254 2136 304 2140 734 2140 898 2135 985 2132 2099 2132 2135 2137" HPOS="253" VPOS="2081" WIDTH="1879" HEIGHT="118">
            <Shape>
              <Polygon POINTS="253 2135 258 2104 281 2091 343 2104 378 2091 419 2101 455 2091 496 2106 519 2094 552 2106 619 2096 645 2117 675 2096 714 2106 747 2094 760 2104 785 2088 808 2104 1006 2094 1041 2119 1077 2091 1131 2104 1162 2086 1177 2096 1200 2086 1228 2109 1274 2094 1338 2109 1361 2088 1384 2101 1446 2104 1472 2083 1523 2099 1571 2086 1600 2099 1620 2083 1648 2099 1794 2086 1948 2091 1960 2081 2024 2094 2091 2081 2124 2094 2132 2135 2114 2163 2078 2155 2012 2173 1989 2158 1912 2152 1843 2168 1766 2155 1707 2170 1669 2152 1633 2168 1610 2158 1507 2165 1492 2178 1443 2160 1397 2173 1351 2160 1233 2168 1218 2155 1118 2178 1082 2165 1052 2178 1031 2160 901 2165 867 2186 844 2170 778 2163 709 2183 650 2158 609 2178 558 2165 542 2178 524 2170 458 2191 419 2181 404 2191 391 2181 368 2199 320 2173 289 2186 258 2160"/>
            </Shape>
	        <String CONTENT="traités ; son Gouvernement fondé sur la force n’a voulu compter" HPOS="253" VPOS="2081" WIDTH="1879" HEIGHT="118"></String>
          </TextLine>
        
        
	      <TextLine ID="eSc_line_326331" BASELINE="268 2232 1594 2237 1720 2224 2073 2224" HPOS="268" VPOS="2173" WIDTH="1805" HEIGHT="115">
            <Shape>
              <Polygon POINTS="268 2232 279 2204 353 2204 378 2224 437 2193 496 2219 514 2204 591 2219 622 2199 660 2206 704 2191 721 2206 762 2199 788 2214 847 2196 875 2206 931 2201 949 2216 967 2201 1047 2204 1077 2188 1118 2204 1149 2188 1175 2204 1190 2193 1203 2204 1254 2196 1297 2206 1318 2191 1336 2201 1395 2191 1443 2204 1474 2191 1484 2201 1561 2199 1587 2186 1658 2183 1679 2193 1697 2181 1725 2201 1776 2191 1794 2176 1822 2191 1843 2181 1863 2191 1958 2191 1978 2173 2065 2188 2073 2224 2053 2260 1863 2252 1843 2268 1794 2273 1733 2247 1669 2273 1653 2260 1625 2280 1569 2260 1505 2275 1482 2255 1464 2270 1384 2270 1367 2257 1344 2278 1285 2268 1262 2283 1246 2270 1228 2280 1177 2268 1157 2286 1105 2265 1039 2278 1018 2265 962 2273 952 2263 926 2275 890 2263 865 2280 801 2250 765 2275 724 2268 688 2288 642 2268 616 2280 596 2268 540 2280 491 2255 394 2278 363 2263 337 2283 309 2270 286 2286 273 2280"/>
            </Shape>
	        <String CONTENT="que sur la force ; il a voulu dominer les peuples sans savoir" HPOS="268" VPOS="2173" WIDTH="1805" HEIGHT="115"></String>
          </TextLine>
        
        
	      <TextLine ID="eSc_line_326330" BASELINE="268 2334 1303 2339 1469 2327 2091 2327" HPOS="268" VPOS="2273" WIDTH="1823" HEIGHT="118">
            <Shape>
              <Polygon POINTS="268 2334 284 2296 312 2293 376 2296 407 2314 440 2293 455 2304 537 2301 558 2311 599 2286 634 2304 711 2296 729 2309 862 2288 893 2301 942 2301 967 2283 990 2301 1041 2314 1090 2301 1126 2316 1144 2301 1185 2304 1218 2283 1241 2296 1267 2288 1290 2304 1308 2293 1374 2301 1413 2291 1443 2306 1487 2288 1559 2298 1579 2286 1600 2301 1617 2291 1656 2293 1674 2278 1735 2293 1761 2278 1797 2288 1820 2273 1850 2273 1886 2291 1940 2273 2030 2291 2083 2280 2091 2327 2083 2347 2048 2365 1917 2350 1781 2355 1768 2368 1756 2357 1728 2368 1692 2355 1674 2370 1628 2355 1502 2373 1459 2347 1436 2368 1400 2362 1356 2375 1303 2365 1256 2383 1226 2370 1192 2388 1177 2375 1123 2383 1095 2365 1047 2380 1031 2370 1006 2385 957 2373 931 2383 919 2375 903 2388 857 2368 768 2385 727 2373 642 2391 619 2375 586 2385 453 2378 435 2388 401 2362 366 2388 320 2350 273 2370"/>
            </Shape>
	        <String CONTENT="s&#39;il leur était supérieur ou inférieur ; il a suscité le mili-" HPOS="268" VPOS="2273" WIDTH="1823" HEIGHT="118"></String>
          </TextLine>
        
        
	      <TextLine ID="eSc_line_326327" BASELINE="271 2437 419 2432 522 2437 593 2429 1643 2432 1676 2426 1771 2424 1797 2419 2112 2421" HPOS="271" VPOS="2368" WIDTH="1841" HEIGHT="125">
            <Shape>
              <Polygon POINTS="271 2437 279 2393 506 2406 529 2393 570 2398 599 2388 645 2403 663 2393 688 2408 719 2401 755 2426 824 2385 944 2414 1008 2393 1072 2408 1131 2385 1175 2403 1203 2391 1249 2403 1272 2385 1295 2401 1374 2388 1482 2406 1559 2383 1574 2396 1715 2380 1776 2393 1830 2368 1863 2388 1978 2373 2012 2385 2104 2385 2112 2421 2099 2444 2053 2462 1966 2449 1904 2465 1873 2447 1827 2462 1768 2444 1694 2465 1684 2455 1628 2460 1579 2447 1546 2467 1502 2457 1418 2470 1392 2460 1300 2475 1272 2467 1213 2488 1198 2475 1154 2480 1111 2462 1093 2472 1064 2452 972 2485 939 2465 924 2475 896 2470 872 2490 844 2470 814 2462 783 2478 762 2460 739 2475 701 2465 627 2467 586 2483 532 2475 506 2493 486 2480 445 2480 427 2465 394 2462 355 2488 312 2465 276 2462"/>
            </Shape>
	        <String CONTENT="tarisme partout, même, par répercussion, en Russie où le Tzar" HPOS="271" VPOS="2368" WIDTH="1841" HEIGHT="125"></String>
          </TextLine>
        
        
	      <TextLine ID="eSc_line_326333" BASELINE="279 2534 1361 2534 1489 2521 2019 2524" HPOS="279" VPOS="2472" WIDTH="1740" HEIGHT="116">
            <Shape>
              <Polygon POINTS="279 2534 284 2496 427 2501 442 2488 458 2498 499 2493 535 2519 550 2503 609 2501 622 2490 665 2498 675 2488 704 2513 734 2488 752 2501 811 2501 824 2490 875 2501 931 2485 952 2498 1013 2493 1044 2508 1100 2485 1175 2498 1282 2485 1333 2496 1361 2483 1405 2513 1451 2472 1512 2506 1533 2490 1671 2488 1684 2478 1730 2483 1751 2498 1792 2475 1835 2496 1866 2478 1984 2478 2012 2490 2019 2524 1994 2552 1886 2552 1840 2536 1792 2562 1751 2536 1725 2552 1592 2552 1548 2567 1451 2560 1423 2547 1397 2562 1223 2557 1162 2560 1146 2572 1121 2557 1080 2570 1013 2562 993 2580 947 2547 913 2570 880 2557 819 2572 783 2557 732 2575 709 2562 686 2572 675 2562 657 2577 637 2562 578 2562 552 2583 527 2585 491 2562 465 2562 440 2585 412 2572 363 2588 330 2572 312 2588 284 2572"/>
            </Shape>
	        <String CONTENT="pourtant avait proposé le désarmement. Il pouvait du moins" HPOS="279" VPOS="2472" WIDTH="1740" HEIGHT="116"></String>
          </TextLine>
        
        
	      <TextLine ID="eSc_line_326329" BASELINE="261 2629 299 2636 609 2636 791 2624 1428 2626 1656 2618 1681 2613 2045 2613 2083 2618" HPOS="261" VPOS="2562" WIDTH="1822" HEIGHT="123">
            <Shape>
              <Polygon POINTS="261 2629 268 2598 330 2600 350 2588 376 2600 455 2590 481 2603 512 2588 529 2600 558 2585 578 2603 601 2600 622 2613 657 2588 706 2593 737 2611 760 2593 821 2588 862 2600 919 2585 949 2608 998 2585 1041 2608 1085 2590 1190 2593 1205 2580 1256 2585 1277 2600 1303 2580 1364 2590 1459 2577 1482 2595 1505 2577 1523 2583 1538 2572 1612 2593 1689 2577 1707 2585 1735 2562 1756 2580 1779 2575 1812 2590 1886 2570 1940 2580 1960 2598 1994 2572 2027 2583 2042 2572 2076 2590 2083 2618 2063 2649 1981 2649 1966 2639 1902 2659 1802 2647 1748 2659 1694 2657 1684 2647 1623 2659 1566 2647 1495 2659 1441 2649 1395 2662 1359 2657 1344 2670 1280 2657 1249 2682 1216 2659 1172 2670 1152 2654 1108 2670 1054 2662 1039 2675 1016 2662 990 2680 972 2667 934 2680 913 2664 839 2657 793 2672 760 2670 739 2685 714 2667 668 2680 634 2654 578 2675 529 2644 486 2677 448 2680 417 2659 386 2675 358 2662 263 2654"/>
            </Shape>
	        <String CONTENT="retarder de son vivant le choc de toutes ces armées nées des" HPOS="261" VPOS="2562" WIDTH="1822" HEIGHT="123"></String>
          </TextLine>
        
        
	      <TextLine ID="eSc_line_326332" BASELINE="266 2721 353 2731 381 2726 1346 2718 1464 2716 2050 2718" HPOS="263" VPOS="2659" WIDTH="1785" HEIGHT="131">
            <Shape>
              <Polygon POINTS="263 2718 276 2693 325 2682 358 2698 445 2690 465 2700 501 2695 527 2677 563 2708 640 2688 775 2698 867 2695 878 2685 893 2695 924 2680 983 2695 1039 2680 1105 2685 1128 2698 1187 2677 1205 2693 1254 2698 1272 2682 1331 2677 1382 2688 1431 2680 1443 2693 1489 2677 1530 2685 1600 2664 1620 2682 1640 2672 1669 2682 1722 2659 1799 2682 2014 2672 2040 2688 2048 2716 2040 2749 2007 2746 1984 2759 1912 2746 1863 2757 1832 2736 1789 2749 1756 2739 1740 2749 1646 2746 1615 2767 1564 2746 1461 2752 1448 2764 1415 2752 1361 2762 1344 2746 1292 2767 1262 2759 1236 2772 1169 2757 1131 2769 1088 2759 995 2762 980 2749 954 2767 926 2757 908 2772 870 2759 834 2775 793 2759 721 2772 691 2757 652 2775 634 2762 529 2775 506 2757 473 2782 437 2762 409 2785 376 2790 335 2782 304 2759 294 2769 266 2746"/>
            </Shape>
	        <String CONTENT="victoires allemandes de 1870-71 : il lui suffisait de ne pas" HPOS="263" VPOS="2659" WIDTH="1785" HEIGHT="131"></String>
          </TextLine>
        
        
	      <TextLine ID="eSc_line_326326" BASELINE="256 2837 289 2831 650 2831 1461 2821 2018 2813" HPOS="256" VPOS="2757" WIDTH="1761" HEIGHT="153">
            <Shape>
              <Polygon POINTS="256 2836 258 2810 284 2790 399 2803 473 2792 499 2808 532 2782 591 2810 637 2785 660 2798 775 2785 816 2798 952 2782 983 2805 1006 2785 1200 2785 1218 2769 1292 2790 1331 2757 1369 2785 1392 2775 1454 2790 1479 2777 1533 2785 1559 2772 1617 2775 1635 2762 1681 2790 1720 2772 1789 2780 1807 2769 1881 2769 1940 2780 2007 2767 2017 2810 2007 2859 1989 2851 1935 2880 1868 2841 1804 2859 1779 2846 1740 2862 1687 2836 1648 2862 1610 2851 1587 2872 1507 2849 1482 2862 1443 2854 1418 2869 1387 2856 1341 2882 1303 2877 1274 2854 1239 2859 1221 2874 1187 2851 1159 2867 1088 2867 1054 2897 1003 2864 919 2862 872 2885 778 2859 737 2882 719 2874 675 2910 619 2872 596 2890 578 2874 555 2882 527 2864 496 2882 476 2872 448 2880 424 2900 404 2885 358 2903 322 2880 286 2895 261 2872"/>
            </Shape>
	        <String CONTENT="pousser le Gouvernement Autrichien à la guerre; il pouvait" HPOS="256" VPOS="2757" WIDTH="1761" HEIGHT="153"></String>
          </TextLine>
        </TextBlock>
        
      </PrintSpace>
    </Page>
  </Layout>
</alto>
