2304 3072
801.0 64.0 187.0 104.0 - 2 -

266.0 189.0 1674.0 156.0 davantage encore. On les regrettera quand ils partiront.

271.0 312.0 1707.0 136.0 Des Anglais que je vois au Mans, par milliers, artilleurs

273.0 412.0 1854.0 133.0 fantassins, cavaliers, highlanders, motocyclistes, mécaniciens

273.0 504.0 1869.0 148.0 défilent ou se prom ènent tout heureux dans les rues, s’exercent

263.0 614.0 1733.0 125.0 sous le commandement de leurs officiers ou des nôtres, sur

263.0 709.0 1831.0 120.0 nos champs de manoeuvre ; ilssont chez eux, animés de la réso-

263.0 803.0 1805.0 136.0 lution tranquille que vous leur connaissez ; on ne leur repro-

276.0 903.0 1710.0 133.0 che que de se faire tuer trop impassiblement par le feu de

266.0 1008.0 1784.0 126.0 l’ennemi, de même que notre infanterie s’est fait décimer au

263.0 1103.0 1787.0 136.0 début dans ses charges chevaleresques mais folles à la baïon-

256.0 1205.0 1863.0 126.0 nette ;ils sont bien tenus, droits et fiers ils encourageraient

256.0 1310.0 1794.0 121.0 par leur bel exemple, nos populations à la fermeté, si elles

273.0 1408.0 1780.0 122.0 en avaient besoin, aussi faut-il voir comme on leur fait fête

273.0 1505.0 1757.0 120.0 quelles attentions on a pour eux dans les moindres villages:

271.0 1597.0 1774.0 120.0 ils passaient hier matin à Clermont-Créans ; tous les enfants

284.0 1697.0 1843.0 105.0 du bourg étaient là, toutes les femmes ; ils ont fait halte pour

263.0 1794.0 1838.0 123.0 préparer leur breakfast invariable: François leur servant d’in-

276.0 1891.0 1674.0 110.0 terprète ; c’était un plaisir de voir la population, qu'on

276.0 1994.0 1684.0 107.0 pourrait croire maintenant sans ressources, leur apporter,

258.0 2091.0 1718.0 113.0 avec des fleurs, du cidre,-pas d’alcool,(nous l’avons fait

263.0 2191.0 1761.0 105.0 interdire dans tout le département et nous avons fait fermer

258.0 2278.0 1710.0 115.0 tous les cafés à la troupe à partir de six heures du soir)

263.0 2385.0 1749.0 103.0 du lait, des oeufs surtout pour qu’ils puissent faire frire,

273.0 2475.0 1759.0 113.0 aux yeux ravis des ménagéres, leurs "eggs and bacon" et accom-

268.0 2572.0 1728.0 105.0 pagner solidement leur traditionnelle "cup of tea". Je vous

266.0 2667.0 1776.0 110.0 assure que la population, à ce moment, pensait plus à la joie

276.0 2764.0 1797.0 108.0 de bien accueillir des jeunes gens qu’à la tristesse de ne pas

263.0 2854.0 1715.0 97.0 savoir où sont les nôtres ; elle se rattrape sur les blessés
