2304 3072
824 135 194 108 - 2 -

243 235 1758 123 guère à Berlin ; à la veille de la guerre la moitié de notre

266 348 1753 115 parti socialiste préconisait la grève générale : Jaurès dénon-

256 445 1748 110 cé systématiquement par la réaction comme un traitre vendu à

266 542 1671 110 l'Allemagne, était assassiné soi-disant par un fou, Paris

245 642 1820 100 devait se soulever ; il a suffi de l’agression austro-allemande

245 737 1828 105 pour réconcilier, sur la tombe même de Jaurès, tous les frères

248 834 1810 108 ennemis et pour en faire un bloc unique, insoluble, des défen-

245 929 1818 105 seurs de la paix et du droit. Cela fait, l'Etat Major, attaqué

235 1024 1894 99 la veille par une bonne partie de la chambre, par les Augagneur,

245 1123 1828 105 les Godart et tous les adversaires de la loi de trois ans, n’a

243 1221 1840 102 plus connu un seul détracteur ; il a débuté par des succés ines-

256 1313 1940 110 pérés en Alsace, puis sont devenus les revers, l’entrée des armées

243 1408 1743 107 Allemandes en France, leurs progrès rapides, leur marche sur

256 1500 1856 112 Paris... l'arrivée des trains de blessés, des trains de réfugiés,

268 1607 1767 113 et encore des blessés, toujours des blessés........... ainsi

268 1704 1751 111 les jours et les jours se sont succédés sans nouvelles, dans

245 1802 1797 112 la tritesse, mais dans l’union quand même, dans la discipline

235 1899 1211 120 absolument librement consentie par tous.

545 1989 1559 112 A Créans tous les hommes sont partis, ma ferme est vi-

256 2086 1822 118 de, et, comme je vous l’ai dit, le travail se fait tout de même

266 2186 1830 125 on trouve le moyen de nourrir, en plus des blessés, les Anglais

266 2278 1838 110 de plus en plus nombreux, les Belges, les prisonniers ; au moulin

261 2373 1840 115 la meunière a ses quatre fils à l’armée, plus un gendre ; je vais

256 2470 1817 110 la voir ; pas une larme, elle regarde droit devant elle, toute à

263 2562 1769 115 son ouvrage, et se borne à dire: "il le faut" Et elle continue

266 2657 1799 115 sa tâche comme la veille, comme toujours, avec plus d’activité

248 2744 1853 120 seulement et de sérieux qu’auparavant, afin de faire double tra-

256 2841 1812 141 vail. Et cependant, malgré l’absence de nouvelles, on commence

243 2954 92 87 à
