2304 3072
865 128 182 120 - 2 -

609 253 1052 133 à Monsieur le Dr. du New York Times.

878 366 762 115 Créans, le 3 octobre 1914.

432 460 1713 90 " Le monde peut mesurer maintenant ce que lui coûte le mi-

281 555 1708 120 litarisme prussien la paix ne peut plus être rétablie que

296 657 1849 116 par la guerre à outrance. Le Gouvernement de domination qui n'a

279 752 1789 115 pas craint de déchaîner cette guerre en sera la premi ère vic-

276 855 1605 112 time ; chaque jour aggrave la condamnation qui l'attend.

432 947 1626 120 Le militarisme prussien a manqué son coup ; il est resté

302 1041 1779 126 sourd à tous les appels de la raison ; il a violé tous ses en-

289 1136 1769 118 gagement££, tous les droits ; il a commis tous les crimes, il a

291 1239 1854 120 fait tout le mal possible, mais il n’a réussi qu’à exalter l'in

284 1338 1807 113 dignation générale et l’héroïsme de ses adversaires ; il a uni

291 1441 1821 118 comme par miracle, tous les Français, tous les peuples civili-

289 1533 1802 113 sés dans une commune volonté de tout sacrifier pour l'abattre

309 1630 1785 121 il a déshonoré la guerre et même la paix qu’il a trahie. Aucun

289 1730 1838 123 Gouvernement ne pourra traiter avec lui, sa parole et en signa-

296 1817 1734 82 ture n’existant plus. Il ne lui reste qu’à disparaître sous

291 1925 786 110 la malédiction universelle.

455 2001 1654 131 Les plus pacifiques des Français, des Anglais, des Russes

299 2104 1749 120 des Belges, tous ceux qui, de bonne foi, ont fait leur devoir

289 2191 1810 128 en essayant de prévenir la guerre Européenne, tous aujourd'hui

286 2296 1762 118 se refusent à conclure avec le militarisme prussien une paix

299 2385 1820 121 qui ne serait qu’une trève menteuse. La guerre actuelle ne peut

299 2462 1782 136 se terminer par un semblant de paix elle finira par l'écrase-

299 2570 1784 156 ment de la domination allemande ou elle sera toujours à recom-

286 2695 279 77 mencer. "
