2304 3072
832 81 176 113 - 3 -

460 217 1669 133 Pour que j'en arrive à déclarer que la paix ne peut plus

314 332 1808 118 être rétablie que par la guerre à outrance, alors que s’accu-

299 430 1779 117 mulent autour de moi les ruines et les deuils, alors que les

302 527 1894 120 larmes et le sang le plus précieux coulent maintenant à flot, il

312 622 1769 120 faut que notre devoir de dire tout haut la vérité soit impé-

291 724 1920 123 rieux ;. C’est notre oeuvre d'éducation qui continue de s’imposer

289 821 1874 115 et puisque nos appels répétés à la raison allemande n'ont servi

309 913 1833 126 qu’à faire ressortir l'irréductibilité du caporalisme allemand

299 1021 1792 118 ayons la franchise de conclure et déclarons qu’il n’y a rien

299 1116 1874 135 à attendre de ce caporalisme, sinon du mal: l’intérêt de l’Alle

307 1213 1845 118 magne elle-même est d'en finir avec un régime qui l'a conduite

304 1315 1746 118 en pleine jeunesse et dans son magnifique essor économique,

294 1415 1339 115 à la pire des guerres, une guerre sans issue.

437 1518 1595 110 M. A. Carnegie, rentrant le 25 Septembre, à New-York,

289 1607 1771 115 a-t-il dit aux journaux américains que l’Empereur Guillaume

309 1710 1849 115 est une victime irresponsable de la caste militaire allemande ?

302 1809 1802 113 Ses déclarations ont produit en Europe un fâcheux effet, mais

289 1912 1792 110 comme elles nous ont été transmises par l’un des journaux de

289 2007 1695 110 M. Hearst "l'Evening News", cela suffit, à mes yeux, pour

296 2106 1777 110 leur enlever tout caractère véridique. M. Hearst abuse de ce

294 2204 1797 110 que nous appelons vulgairement les larmes de crocodile ; il a

291 2301 1792 113 tout fait pour rendre la guerre inévitable, et maintenant le

304 2396 1728 120 bon apôtre la déplore, il excuse celui qui l’a déclarée, et

299 2493 1869 118 il nous propose une paix devenue impossible. Notre conciliation

296 2585 1846 126 reste dans son rôle quand, apràs avoir combattu les manoeuvres

299 2682 1902 128 de M. Hearst pendant la paix, elle les dénonce pendant la guerre.
