2304 3072
760.0 133.0 192.0 82.0 - 8 -

207.0 243.0 166.0 100.0 paix.

529.0 381.0 1462.0 138.0 J'ai entendu bien souvent parler de ces soi-disant

222.0 463.0 1705.0 159.0 profits de la guerre. Les entrepreneurs de pompes funébres

212.0 568.0 1774.0 143.0 peuvent eux aussi se féliciter des catastrophes! Un accident

222.0 673.0 1777.0 138.0 de chemin de fer qui met tout un pays en larmes les enrichit.

217.0 773.0 1784.0 138.0 Les batailles les plus meurtrières profitent en fin de compte

212.0 875.0 1766.0 131.0 à quelqu’un,- ne fût-ce qu’aux chacals et aux corbeaux, -mais

222.0 980.0 1764.0 123.0 c'est l’ensemble du pays, et pour les Etats-Unis c’est l’en-

212.0 1085.0 1766.0 118.0 semble du monde qu’il faut voir ; et plus le monde sera pros-

209.0 1162.0 1759.0 125.0 père, plus les Etats-Unis y trouveront d’amis, de collabora-

222.0 1272.0 1751.0 115.0 teurs, de climats. Plus le monde, au contraire, sera troublé

222 1369 1887 120 plus le commerce et l'activité générale en souffriront, sans par-

220.0 1469.0 1764.0 118.0 ler du développement de l'instruction et des progrès du génie

227.0 1553.0 807.0 121.0 humain qui seront paralysés.

506 1656 1549 123 J'ai été surpris de voir un journal américan sérieux

215.0 1748.0 1861.0 113.0 remettre en discussion ces vieilles questions, et j’en ai conclu

212.0 1861.0 1856.0 102.0 que nous allions sentir en Europe le contre coup de ces erreurs.

212.0 1950.0 1661.0 87.0 Il va falloir trouver de l’argent pour combler le gouffre

215 2040 1804 112 financier que nous creusons chaque jour sous nos pas sans même

215.0 2145.0 1794.0 105.0 y penser: gouffre €financier€ deux fois creusé par les milliards

212.0 2245.0 1644.0 99.0 de recettes ordinaires qui feront défaut. Nous ne pouvons

194.0 2329.0 1692.0 115.0 pas attendre raisonnablement de l’Allemagne qu’elle comble

192.0 2429.0 1766.0 110.0 à elle seule tous ces déficits, en France, en Angleterre, en

197 2524 1776 115 Russie, en Belgique, au Japon ; elle n’aura même plus son com-

197.0 2618.0 1699.0 126.0 merce avec l’étranger, pendant un temps ; sa misére va être

204.0 2718.0 1769.0 103.0 effroyable ; il faudra donc que chacun des adversaires qu’elle

194.0 2808.0 1749.0 141.0 a si follement provoqués limite ses exigences ; il faudra que
