1920 2560
791 55 143 60 - 6 -

213 189 1465 96 hélas à quel prix ; Il nous reste maintenant à savoir comment

221 283 1123 77 nous allons préparer le lendemain de la guerre.

588 561 935 74 Nous arrivons donc au problème de notre

213 640 439 74 activité nouvelle.

578 714 1107 77 Des événements importants sont venus, dans les

221 802 1385 72 derniers mois de 1918, la solliciter. Ce fut d’abord, en

238 861 1421 96 Août, la création de l'ASSOCIATION FRANCAISE DOUR LA SOCIÉTÉ

232 957 1408 86 DES NATIONS. Nous recevions d’autre part, dès le lendemain

226 1038 1286 79 de l'armistice, un cablogramme de la ligue américaine:

238 1115 1408 88 "LEAGUE TO ENFORCE PEACE" nous priant de trouver à Paris un

238 1196 1396 79 local où s'installeraient les délégations française, améri-

234 1273 1370 83 caine et anglaise, venant travailler à l'élaboration d'un

226 1354 1459 88 programme commun de la Société des Nations. C'était à notr/e

224 1437 1393 84 ami et maître, M. Léon Bourgeois, que revenait de droit la

230 1514 1451 86 présidence générale de l'ASSOCIATION FRANCAISE POUR LA SOTIETE

230 1585 1376 87 DES NATIONS ; mais il était à la fois heureux et débordé de

238 1668 1323 98 la rapidité des événements. Il était impossible de tout

236 1747 1413 94 improviser. C'est alors que notre Bureau de la rue Pierre-

238 1821 1455 90 Curie a justifié son existence par l’efficacité de son inter-

232 1896 1387 98 vention. Il s’est mobilisé tout naturellement, au service

238 1977 1413 92 de la nouvelle Association, sans en attendre aucun avantage.

249 2054 1402 90 Notre Bureau qui, pendant la guerre, avait vécu grâce à ces

238 2122 1417 103 prodiges de désintéressement et de modestie, s'est trouvé en
