1920 2560
1026 40 164 70 - 19 -

358 198 1421 79 l'attention de M. le Président Butler sur la nécessité de

358 283 1431 83 fonder un journal, -interallié d'abord, international plus

375 366 1444 82 tard,- de la société des Nations, conformément aux proposi-

366 445 1398 86 tions étudiées par notre commission de la Presse, dans la

358 526 1487 86 séance qu’elle a tenue à notre Bureau, avant la guerre. J'ai

358 612 1463 81 insisté sur le fait que cette fondation, déjà indispensable

366 699 1404 79 avant la guerre, devient chaque jour plus urgente et plus

377 778 1444 83 digne de la considération de M.M. les Trustees. De plus en

369 861 1427 84 plus, j'ai la conviction que c’est par ce moyen, et par ce

358 947 1489 81 moyen seul, que nous arriverons à toucher l'opinion publique.

369 1026 1499 81 Il s'agirait d'un journal très bien fait, capable d’intéresser

371 1109 1406 85 tous les publics et conçu dans l'esprit d'indépendance qui

366 1192 1498 77 a, par exemple, si bien réussi au "Christian Science Monitor".

727 1271 1094 79 Nous nous devons à nous-mêmes de ne plus nous

349 1346 1438 81 intéresser à de vagues tentatives. Pour empêcher le renou-

352 1431 1444 79 vellement de ces quatre années d'horreur, il ne s'agit plus

369 1506 1423 81 de recourir à des demi - moyens ; il faut avoir le courage de

362 1591 1442 81 comprendre qu'un immense effort, seul, peut nous sauver ; cet

349 1659 1396 90 effort se traduirait par une dépense de quelques millions

356 1747 1331 94 de francs, mais le résultat visé en vaut bien la peine.

723 1832 987 92 Notre journal devrait être, bien entendu,

349 1907 1300 79 quotidien ; je suis persuadé qu’un quotidien seul, bien

349 1977 1430 85 rédigé, ne serait-ce que par les victimes sans nombre de la

369 2062 1405 86 guerre, toucherait l’opinion publique infiniment plus qu’un
