1920 2560
4 2 192 121 ££

42 138 258 103 SÉNAT

736 123 334 90 LETTRE N° 511.-

1058 285 458 86 PARIS, 1° Avril 1919.

597 437 525 98 LES LISTES ÉLECTORALES.

603 516 480 92 LE "JOURNAL FLÉCHOIS".

827 704 337 76 Mon cher Butler,

616 834 881 96 Si le Gouvernement, et peut-être aussi la

228 889 1374 128 force des choses, éloignent jusqu’à cet été nos élections géné-

249 968 1274 102 rales, il n’en faut pas moins dresser dans chaque commune de

230 1045 1365 96 France les listes des électeurs qui pourront voter. Ces listes

228 1107 1310 128 seront arrêtées cete semaine, le 4 Avril. Cela n’est qu’un

234 1188 1380 96 commencement, mais c’est tout de même un commencement. Et voici

219 1252 1349 119 qu'on m’appelle dans la Sarthe à présider d’orageuses réunions

232 1324 1329 101 préparatoires.- Vous aurez un faible aperçu de ces prochaines

238 1395 1272 102 réunions, où je dirai, comme devant la Cour d'Assises, toute

241 1467 1222 98 ma pensée, si vous jetez les yeux sur les articles dont je

219 1536 1227 91 gratifie sans les signer,- car je suis juge,- le "Journal

215 1606 215 77 Fléchois".

827 1764 619 79 Votre affectueusement dévoué,

970 1824 382 113 ££

12 1928 1012 130 à Monsieur le Président Nicholas Murray BUTLER,

437 2030 207 67 NEW-YORK.

14 2165 199 81 annexes.
