1920 2560
706 130 128 87 - 3 -

138 270 1476 107 portassent mon nom, n'a été lue ou ret££nue. Elles ont échappé à la

138 352 1442 104 censure, comme aux obus et aux sous-marins. Plus tard, quand les

121 422 1543 107 Etats-Unis ont enfin pris parti et sont devenus nos alliés, je n’ai

130 505 1542 94 rien changé à la modestie du bureau; je n’ai pas crié par dessus les

138 584 1543 96 toits qu’il avait travaillé obstinément à l’amitié puis à l’alliance

121 661 1479 89 franco-américain ; j’ai laissé, - trop peut-être, - quiconque l'a

123 740 903 81 voulu récolter ce que nous avions semé.

356 812 1271 90 Et hier, il me semblait, sans m'en prévaloir pour le bu-

138 896 1551 81 reau, sans que j’aie même voulu qu'on fit un discours, ni la moindre

113 968 1533 83 allocution de circonstance, il me semblait que nos invités choisis,

130 1047 1457 77 empressés, nous rendaient justice. En tout cas, ils se rendaient

140 1126 1519 77 compte que nous avons fait œuvre bien utile et que notre concilia-

117 1198 1517 79 tion a été, est et sera le grand devoir, parce qu’elle répond à un

121 1277 1487 75 grand et universel besoin, d'autant plus grand qu’il est plus in-

113 1352 1501 98 grat. Les Américains et les Français qui étaient là comprenaient,

123 1437 553 88 sentaient, appréciaient.

379 1508 1233 109 Beaucoup de dames étaient venues ; et il y en aurait eu

147 1591 1523 105 davantage si notre réunion n’avait coïncidé avec une manifestation

132 1683 1561 98 officielle au Trocadéro. Tous nos amis n'étaient pas là. Nous avons

147 1757 1425 105 été heureux d’accueillir parmi les Américains, Mesdames HOUSE,

149 1834 1483 100 MEZES, SCOTT. STRAUS, FERN ANDREWS; le Général PATRICK, BEAUMONT

130 1907 1553 106 et beaucoup de savants et de personnalités françaises, le vice-Ami-

130 1981 1484 111 ral FOURNIER, L. BOURGEOIS, A. WEISS, BRIEUX, Ferdinand BUISSON,

147 2069 1525 115 XXX AULARD, L. SARRUT. Premier Président de la Cour de Cassation

128 2139 1523 124 le Professeur BOUCLÉ, le Doyen P. APPELL, S. E. LOU TSENG TSIANG.
