1920 2560
898 149 160 66 - 7 -

320 234 1529 150 pour la Société des Nations à se référer - c’était par excellence,

334 309 1398 147 la raison d'être de la DOTATION l'ocasion à ne pas manquer:

330 394 1498 130 l'ocasion providentielle de justifier et de faire comprendre son

294 469 194 75 utilité.

541 556 1304 124 Je n’insiste pas - Il me suffit de vous dire que tout ce

315 616 1451 132 que je vous ai écrit à ce sujet a été hautement ratifié par nos

305 704 130 64 amis.

539 789 1178 113 Notre collègue et ami chinois, premier délégué à la

302 857 1468 128 conférence, LOU TSENG TSIANG assistait à la réunion, de même que

309 928 1474 136 les déléguéé de l'Association italienne, le Professeur SALVEMINI,

302 1015 1415 115 - une bonne recrue, dont j’aurai encore à vous parler. Je l'ai

309 1088 1423 134 invité chez moi. C'est un homme de grand cœur et d’une hauteur

296 1169 1515 123 valeur morale et intellectuelle. Il a vu périr lors du tremblement

300 1243 1492 126 de terre de Messine, ses cinq enfants, sa femme et sa sœur, et il

275 1320 1450 120 n’a survécu à ce désastre que pour essayer de prévenir au moins

253 1395 1481 119 les catastrophes volontaires. Nous pouvons compter sur lui. Il a

266 1454 1508 141 été de ceux qui, avec RICHET, avec WEISS, LAPRADELLE et nous tous,

266 1553 1508 117 sans excepter le Chinois, ont appuyé le plus énergiquement ma €pro-€

260 1625 1508 120 €pposition€ proposition éternelle concernant la fondation d’un jour-

275 1700 1425 115 nal quotidien, populaire de vérité, de contrepoison ; un journal

251 1774 1530 120 qui serait le meilleur de tous les journaux du monde, le mieux rédi-

249 1845 1532 128 gé, le mieux informé, le plus riche et par conséquent le plus lu et

256 1924 1504 121 le plus puissant. Ce journal serait rédigé, sous la direction cen-

260 1998 1446 122 trale d’un état-major commun avec des filiales dans chaque pays,

238 2065 1545 132 dans les principales langues, et peu à peu, dans toutes les langues.

488 2154 1244 111 En dehors de ce journal, pas de salut, rien que des ten-

258 2222 396 73 tatives précaires.
