1920 2560
836 134 175 70 - 21 -

590 292 890 96 Le Conseil adopte la motion suivante:

465 401 1053 102 "Le Conseil réuni estime que ce qu'il y a de

394 422 1092 117 "plus urgent l’heure actuelle serait la fon-

390 494 1018 84 "dation d'un journal de diffusion populaire

386 526 1100 107 "pour faire contrepoids, dans tous les pays, à

392 561 578 83 "la presse de mensonge".

262 672 1436 123 M. O. NIPPOLD.- Permettez-moi de souligner tout parti-

245 759 1406 105 culièrement l’assentiment que j’apporte à ce projet. C'est

238 838 1368 102 là la première œuvre à entreprendre. Nous avons besoin

256 928 1416 96 d'un journal quotidien pour contre-balancer l'influence des

249 1006 1355 96 journaux édités par Krupp et ses pareils. Que ce ne soit

236 1088 1383 98 pas seulement un journal intellectuel, mais un journal de

247 1164 335 71 vulgarisation.

247 1288 1335 90 M. le Prof. Charles RICHET. - Pourvu, toutefois, comme

238 1369 1421 88 avait bien soin de le spécifier notre Président, qu’il soit

245 1435 1359 107 très bien rédigé, qu'on y parle de tout, des courses, des

224 1525 1395 92 cours de la Bourse, qu’il y ait des chroniques de la mode,

221 1604 1415 89 des théâtres, etc...etc... Moyennant cette condition, j'in-

241 1687 1320 81 siste, moi aussi, pour qu'il soit bien entendu que c’est

236 1760 1329 93 là le seul moyen d’agir, d'une manière efficace, sur une

238 1845 1347 81 opinion publique que des excitations malsaines conduisent

211 1917 672 90 à l'aberration et au crime.

215 2022 1402 98 M. le PRÉSIDENT.- Après avoir constaté qu’il y a eu sur

211 2112 1440 93 tous les points accord absolu entre les assistants, remercie

224 2195 1437 83 les membres présents de leur concours et lève la séance en se
