1920 2560
125 6 293 130 ££

29 106 271 156 ÉNAT

913 76 362 133 LETTRE N° 497.

1286 262 503 141 PARIS, 7 Mars 1919.

665 460 736 126 PROPAGANDE ANTI-ALCOOLIQUE .

1019 699 399 81 Mon cher Butler,

674 896 1068 89 Je vous envoie ci-joint le très-intéressant

273 972 1514 103 programme des conférence cinématographiques que la Ligue Anti-

281 1056 1415 100 alcoolique Française (147, Dû. Saint-Germain ; me prie de

270 1141 1483 117 vous recommander. Il s’agit de conférences vraiment extra-

290 1224 1438 96 ordinaires de l'ancien ouvrier Gustave Cauvin qui, dans sa

270 1294 1485 124 généreuse passion d’apôtre, malgré son manque d’instruction

273 1388 1367 88 et de ressources, est arrivé à faire sensation dans les

279 1465 1459 109 milieux réputés les plus réfractaires, par sa propagande en

270 1550 1481 96 faveur des victimes de l'alcool. En se servant très habile-

275 1634 1416 85 ment du cinéma, il a fait de ses conférences de véritables

281 1710 1476 103 représentations sensationnelles, ce qu’il appelle : "un/grand

273 1796 1463 87 drame social", qui peuvent se donner dans toutes les langues

264 1873 559 72 et dans tous les pays.

605 1954 1123 83 La Ligue Française, présidée par le Professeur

273 2030 1339 77 DEBOVE, vous demande si vous ne pourriez pas l’aider en

264 2105 1382 79 invitant Gustave Cauvin à venir donner aux Etats-Unis ses

266 2178 1385 85 conférences, qui n’auraient pour ainsi dire pas besoin de

14 2380 1123 120 à Monsieur le Président Nicholas Murray BUTLER.
