1920 2560
36 132 307 121 SÉNAT

855 72 365 132 LETTRE N° 533 .

1239 245 465 124 PARIS, 22 Mai 1919.

537 411 894 105 BANQUET DE L'AMERICAN CLUB DE PARIS .

416 490 1181 105 LE NOUVEL AMBASSADEUR DES ETAT - UNIS .

309 561 1495 125 L'INQUIÉTUDE DES PRÉCURSEURS DE L'AMITIÉ FRANCO-AMÉRICAINE .

977 791 407 81 Mon cher Butler,

665 994 1101 81 L'American club de Paris a donné aujourd'hui

300 1051 1385 115 un grand déjeuner de plusieurs centaines de couverts en

300 1141 1430 111 l’honeur du nouvel Ambassadeur des Etats-Unis, M. Hugh C.

309 1218 1451 108 WALLACE. J'ai toujours été l’invité assidu de ces réunions

302 1303 1551 111 où je retrouve d’anciens amis nombreux et fidèles. Cette fois

298 1388 1540 118 les Français étaient peu nombreux et les Américains attristés.

300 1472 1453 121 Henry WHITE a eu le courage de faire allusion à la cause de

288 1555 1388 119 cette tristesse. Des journaux inspirés ou, en tout cas

275 1640 1493 122 autorisés, ne cessent, comme je l'ai constaté maintes fois,

275 1740 1461 84 de répandre en France contre les Etats-Unis des sentiments

294 1821 1536 96 d’injustice et d’ingratitude à la fois stupides et pernicieux:

294 1902 1463 99 stupides, puisque les fauteurs de ces polémiques dénaturent

290 1984 1499 93 le véritable esprit de la France, pernicieux puisqu’ils con-

294 2071 1434 115 tribuent à nous isoler ; car les articles en question sont

266 2156 1560 105 reproduits religieusement dans les journaux américains, tandis

14 2404 1155 119 Monsieur le Président Nicholas Murray BUTLER.
