1920 2560
782 10 340 105 LETTRE N° 510.

78 64 178 142 NAT

1203 157 490 88 PARIS, 30 Mars 1919.

537 296 815 100 LA FRANCE CONTINUE à S'ENRICHIR.

970 420 401 100 Mon cher Butler,

614 546 1022 94 Nous discutons le budget de 1919, ou plus

204 576 1585 117 modestement les douzièmes provisoires du second trimestre de ce

209 625 1273 106 budget ; et nous entrons dans le mois d'Avril!! ...

640 712 1079 102 Cette discussion fait vraiment par trop res-

198 742 1480 107 sortir le miracle de l'enrichissement de la France, tel que

209 785 1585 130 nous l'a décrit M. Klotz, notre spirituel Ministre des Finances.

215 827 1436 98 En attendant que "les poches paient tout", il faut tout de

204 876 1462 111 même trouver, d'une façon ou de l'autre, - impôts, emprunts,

211 917 1440 96 indemnités, - plus de 20 milliards de francs pour payer nos

189 957 1462 96 dépenses ; 20 milliards par an! 20 milliards par an, mais

206 1000 1477 96 c'est trop peu dire! Comptons déjà, pour cette année, entre

202 1041 1585 123 la guerre qui n'est pas finie et la paix qui n'est pas retablie,

187 1083 1498 105 au moins le double, à titre transitoire, le double puisqu'on

187 1126 1378 100 nous demande 10 milliards pour nos dépenses du prochain

196 1166 237 60 trimestre.

174 1282 1536 106 liards de cette année de transition, mais les vingt milliards

616 1254 1035 90 Comment paierons-nous, non pas les 40 mil-

189 1337 1521 98 des années suivantes? Avant la guerre toute la France pros-

170 1371 1470 98 père avait peine à trouver six milliards de recettes ; mais

181 1416 1534 100 désormais la France sera, pour une part, détruite ruinée, et,

170 1459 1558 96 pour tout le reste, dépeuplée... Il est vrai que l'Alsace-Lor-

164 1504 1538 96 raine paiera sa contribution à la place de nos régions dévas-

181 1544 1401 94 tées... Mais n'oublions pas que nos futurs impôts, s'ils

170 1587 1498 96 rentrent exactement, seront payés en papier deprécié, tandis

181 1627 1476 94 qu'une partie de nos dépenses seront à payer en or. - Il est

181 1670 1538 96 vrai que nos dépenses de guerre ou de paix armée seront rédui-

179 1708 1416 94 tes, et de même, espérons-le, nombre de dépenses devenues

172 1751 1534 98 inutiles. Mais d'autres dépenses surgiront, celles de l'avia-

166 1796 1448 87 tion civile notamment, qui sont déjà prévues en Angleterre

160 1838 1521 92 comme en France, pour un chiffre annuel de un milliard 1/2...

164 1879 1493 92 plus que le total d/es deux budgets militaire et naval de la

166 1920 1448 91 France il y a dix ans..... Il faut prévoir, en outre, des

155 1958 1383 94 dépenses indispensables et irréductibles de production.

19 2109 1045 120 sieur le Président Nicholas Murray BUTLER.
