1920 2560
768 166 149 72 - 5 -

179 307 1540 119 proposé de 9.000 francs. Si un supplément de 600 francs pouvait

162 394 1555 111 encore être employé, il serait de toute équité de l’attribuer à

179 484 1617 98 Melle PEYLADE en raison de son XXXX ancienneté, de ses services et

170 565 1534 98 du supplément d’occupation que représente la comptabilité dont

170 644 1641 104 elle est chargée. Ses appointements seraient ainsi portés à 500 frs

164 742 249 85 par mois.

384 814 1442 92 Si vous jugiez que la somme de 9.000 francs prévue au pro-

170 902 1639 94 jet de budget prochain ne doit pas être employée tout entière, les

168 987 1600 86 chiffres portés au tableau ci-dessus subiraient naturellement une

162 1073 678 85 diminution proportionnelle.

384 1120 1390 121 Le point de départ des modifications aux traitements de-

172 1216 1607 108 vrait être fixé normalement au 1er juillet prochain, premier jour

153 1305 1592 105 du nouvel exercice financier. Cependant, nos collaboratrices ne

164 1380 1589 115 m'ont pas caché que cette échéance leur paraissait lointaine et

153 1465 1641 120 que, s’il était possible de hâter l’application des mesures envi-

151 1544 1641 126 sagées, elles apprécieraient beaucoup cette mesure bienveillante.

384 1629 1405 128 J’ajoute enfin que je n’ai communiqué à aucun des inté-

166 1728 1628 125 ressés les propositions qui précèdent, de facon à réserver vis-à-

145 1824 1205 106 vis d’eux votre entière liberté d'appréciation.

375 1868 1393 156 Veuillez me croire, mon cher Président, votre très res-

145 2001 985 117 pectueusement reconnaissant et dévoué,

6 2240 1131 134 sieur le Président d'ESTOURNELLES de CONSTANT

268 2329 280 62 Sénateur

200 2350 774 120 34 ter rue Molitor - PARIS -
