1920 2560
238 36 261 177 ££

902 160 245 83 LETTRE 531.

138 172 260 141 SÉNAT

1171 377 452 92 PARIS, 12 Mai 1919.

452 516 1026 98 PRENEZ GARDE. LA FRANCE EST LA FRONTIERE DE

356 584 1423 120 LA LIBERTÉ MAIS ELLE RESTE, EN OUTRE, UNE PROIE BIEN TENTANTE.

919 791 373 107 Mon cher Butler,

716 957 901 92 Vous avez/raison de me dire, dans votre

341 1034 1310 92 dernière lettre du 25 Avril, que la sécurité de la France

324 1111 1337 94 est la clef de voûte de l'édifice de la société future des

332 1190 175 79 Nations.

723 1260 977 96 La France sera de plus en plus exposée aux

322 1341 1391 88 agressions de surprise et de violence, parce qu’elle sera la

326 1416 1410 94 frontière de la liberté, c’est-à-dire l'obstacle à la domina-

324 1493 1293 94 tion ; il faudra qu’elle succombe pour que la liberté du

305 1570 1423 91 monde soit atteinte et la paix du droit abolie ; et en effet,

307 1651 1369 91 si elle succombe, l'Océan, comme l’air, comme la terre, les

324 1730 1427 87 mondes anciens et nouveaux, l’univers enfin ne sera plus qu’un

317 1806 711 94 champ de carnage, un cimetière.

701 1879 1022 96 La France sera de plus en plus exposée parce

311 1964 1442 92 qu’elle sera faible ; en dépit des mensonges nationalistes, sa

315 2041 1378 103 victoire l’aura épuisée ; quatre millions de ses défenseurs,

29 2263 1086 105 à Monsieur le Président Nicholas Murray BUTLER.
