1920 2560
940 100 165 68 - 10 -

349 253 1440 77 permanente dont nous jouissons n'aurait plus guère d’intérêt

358 337 1421 68 si nous entrions dans une Ligue des peuples. Nous ne savons

358 416 1344 72 que trop d’ailleurs, par l’exemple de la Belgique, ce que

356 486 1497 90 vaut cette neutralité lorsque c’est l’Allemagne qui la garantit.

366 567 1379 75 Mais les Suisses, d'une facon générale, n'en sont pas moins

373 646 1389 72 très épris de leur neutralité. Il faut donc arriver à leur

358 727 1316 70 faire comprendre quels avantages un petit pays comme le

375 802 1370 79 nôtre trouverait à faire partie d'une Ligue des Nations, et

371 883 1346 72 combien sa neutralité serait plus sûrement défendue par le

375 962 1453 81 concours de toutes ces Nations que par trois ou quatre d'entre

377 1041 1280 72 elles. Mais le changement d'idées doit être si radical

375 1120 751 72 qu’il sera laborieux à réaliser.

723 1190 1096 90 Cette question est liée à celle de/la propagande

369 1271 1363 81 étrangère en Suisse. Cette propagande a joué un rôle très

362 1358 1319 71 fâcheux dans le pacifisme suisse. Nes amis et moi, nous

360 1431 1299 73 avons toujours combattu le défaitisme. De son côté, la

375 1512 1370 70 Société Suisse Genevoise de la paix a pris la même attitude

358 1589 1455 70 que celle adoptée par la Dotation Carnegie et la conciliation ;

366 1653 1430 83 il en a été de même du Bureau International de la Paix. Nous

375 1740 1280 75 n'avons eu, en agissant ainsi, aucune hésitation, parce

384 1811 1395 79 que nous connaissions le peuple suisse et sa vraie mentalité.

364 1892 1398 74 Mais il y a eu malheureusement l'influence contraire. Je ne

384 1966 1386 77 parlerai qu'en passant de cette Société suisse pour la Ligue

375 2041 1310 77 des Nations, qua fondée le Dr. Broda ; elle est peut-être
