1920 2560
849 81 132 70 - 5 -

275 228 1361 85 le Président Butler, depuis Août 1914 jusqu’à ce jour. Je

283 313 1317 79 n'ai jamais cessé d'y exposer, comme des arguments, tout

292 388 1348 85 ce que nous avons souffert, nous et nos Alliés, pour bien

298 465 1357 81 faire comprendre aux Américains que, généreux comme je les

283 548 1357 77 connais, ils ne pourraient pas supporter longtemps pareil

298 616 1417 107 état de chose sans intervenir. Nous pouvons, au Bureau Euro-

294 699 1448 86 péen, revendiquer hautement la fierté d'avoir agi vis-à-vis de

288 780 1365 75 nos amis Américains, et dès le début de la guerre, suivant

290 864 1401 93 notre conscience. Le jour où vous pourrez prendre connais-

283 940 1404 109 sance des centaines de lettres écrites par moi au Président

292 1019 1399 83 Butler, vous y verrez que, sans faire parler de la Dotation

296 1100 1410 81 dans les journaux, nous avons apporté notre grande part dans

285 1179 1347 88 la propagande en faveur de l’intervention des Etats-Unis,

281 1258 1293 98 sous forme, tout au moins, de protestation, on ne nous

307 1333 1380 83 reprochera plus de nous abandonner à l’idéalisme américain ;

294 1405 1431 92 nous savons maintenant ce que cet idéalisme nous a apporté de

292 1499 546 77 réalisations pratiques.

1130 1570 452 70 (applaudissements).

642 1644 947 98 La guerre a cessé grâce à ce fait que la

302 1721 1353 81 France a trouvé partout les amitiés qu’elle escomptait, et

300 1798 1415 100 ces amitiés lui ont été préparées par les hommes dont l’obs-

292 1875 1440 79 tination faisait sourire les sceptiques, en temps de paix, et

317 1954 1391 81 que l'on traitait dédaigneusement d'utopistes et d’illusion-

317 2033 1321 76 nés. Il est beau de voir enfin triompher le Droit sur la

315 2105 1334 81 violence ; il est, dans une certaine mesure, consolant de

309 2178 1429 87 voir nos principes universellement reconnus aujourd'hui, mais
