1920 2560
896 100 166 87 - 14 -

341 266 1335 77 en Autriche, l’admirable LAMMASCH, cette pure conscience,

334 345 1157 79 qui a persévéré dans ses idées d’avant la guerre.

334 473 355 71 M. O.NIPPOLD. -

896 450 857 98 Oui, cela est exact. Cependant. si

339 548 1329 70 M. LAMMASCH avoue personnellement les fautes qui ont été

349 622 969 69 commises, il ne l'a pas fait publiquement.

352 708 443 124 M. le PRÉSIDENT.-

904 744 821 98 Il y a aussi le Prince LICHNOWSKY,

334 806 1362 96 le Professeur MUHLON, GRILLING, dont/vous parliez ; mais il

345 893 1022 73 faut reconnaître que ce sont des exceptions.

343 1015 356 73 M. O.NIPPOLD, -

904 1015 770 68 D'ailleurs, chacun d’eux revient

352 1088 1333 78 d’Allemagne aussi désappointé que le professeur FOERSTER,

324 1166 1327 75 après avoir constaté que la République allemande n'a pas

341 1241 1367 81 changé la mentalité du peuple allemand. MUHLON n'a trouvé

328 1326 1359 73 personne à Berlin avec qui causer. GRILLING avait offert

341 1399 1461 75 ses services à la Wilhemstrasse pour une histoire de la guerre

341 1476 1303 77 malgré l'intérêt que présentait son offre, on l'a trouve

339 1555 1288 83 compromettante et laissée de côté. A MUHLON on préfère

324 1636 1267 72 SCHEIDEIMANN qui, lui, n’a jamais cessé de soutenir le

324 1708 1322 88 Gouvernement pendant toute la durée de la guerre. On se

349 1787 1421 77 demande alors à quoi a servi le changement du système gouver-

349 1860 1319 77 nemental puisque la République allemande socialiste a une

337 1945 1346 73 politique aussi impérialiste que celle de l’ancien gouver-

343 2022 386 62 nement autocrate.

339 2099 418 145 M. le PRÉSIDENT,-

913 2137 761 66 Je sais que vous avez obtenu en
