1920 2560
853 87 175 70 - 12 -

279 234 1517 118 essayé de modifier le point de vue allemand. Y ai-je réussi ?

273 328 1401 100 J'ai bien peu d’espoir, et d’autres que moi y ont échoué.

288 405 1388 98 j'ai vu récemment, il y a 15 jours à peine, le Professeur

279 488 1521 96 FOERSTER et l'auteur de "J'ACCUSE" M. GRILLING, qui revenaient

281 569 1438 77 de Berlin. Ils sont entièrement découragés. Les Allemands

292 652 1261 77 n'ont pour ainsi dire pas changé de mentalité depuis

273 731 1493 77 qu’ils sont en République ; ils ne comprennent pas qu’ils ont

273 810 1444 79 des responsabilités ; la seule faute du militarisme, à leurs

281 891 1464 79 yeux, est de n'avoir pas été vainqueur ; le seul crime qu’il

273 972 1446 75 ait commis, c’est son échec ; et voilà le fond de la morale

283 1038 1459 94 allemande. Le Professeur FOERSTER avait organisé une grande

273 1139 1378 72 conférence à Munich, dans laquelle il s'était efforcé de

273 1216 1461 78 démontrer à quels excès l'Allemagne s'était laissé entraîner

273 1299 1514 77 par son impérialisme et son militarisme. A l'issue de la con-

281 1378 1436 94 férence, il s’entretint avec quelques-uns de ses auditeurs.

279 1459 1493 89 Leur conclusion, à tous, fut la suivante ; Oui, c’est entendu,

285 1548 1438 66 vous nous dites maintenant que nous avons eu tort, parce que

281 1627 1410 66 nous sommes vaincus ; mais nous n'avons eu tort qu'en cela".

290 1704 1452 73 donc, bien loin de commencer à s’apercevoir qu'ils ont commis

290 1785 1446 71 une grande erreur et une lourde faute en attaquant la France

275 1864 1418 70 et la Belgique, ils ne veulent même pas avoir de discussion

264 1937 1449 76 à ce sujet. Je ne dis pas qu’il ne soit pas survenu quelque

290 2022 1397 75 changement dans la façon de voir de certaines personnalités

281 2101 1410 70 allemandes, mais il n'y en a certainement pas dans celle du

264 2178 329 96 grand public.
