<?xml version="1.0" encoding="UTF-8"?>
<alto xmlns:xsi="http://www.w3.org/2001/XMLSchema-instance"
	  xmlns="http://www.loc.gov/standards/alto/ns-v4#"
	  xsi:schemaLocation="http://www.loc.gov/standards/alto/ns-v4# https://gitlab.inria.fr/scripta/escriptorium/-/raw/develop/app/escriptorium/static/alto-4-1-baselines.xsd">
  <Description>
	<MeasurementUnit>pixel</MeasurementUnit>
	<sourceImageInformation>
	  <fileName>P1170586.JPG</fileName>
	</sourceImageInformation>
  </Description>
  <Layout>
    <Page WIDTH="1920" HEIGHT="2560" PHYSICAL_IMG_NR="15" ID="eSc_dummypage_">
      <PrintSpace HPOS="0" VPOS="0" WIDTH="1920" HEIGHT="2560">
        
        <TextBlock ID="eSc_dummyblock_">
	      <TextLine ID="eSc_line_353575" BASELINE="938 104 1114 118" HPOS="936" VPOS="76" WIDTH="177" HEIGHT="71">
            <Shape>
              <Polygon POINTS="936 102 964 76 992 91 1006 78 1030 78 1043 89 1073 83 1113 117 1073 140 1049 125 1028 140 992 147 947 121 938 128"/>
            </Shape>
	        <String CONTENT="- 2 -" HPOS="936" VPOS="76" WIDTH="177" HEIGHT="71"></String>
          </TextLine>
        
        
	      <TextLine ID="eSc_line_353344" BASELINE="217 236 330 241 714 266 765 266 857 277 896 275 1002 283 1070 283 1162 294 1186 292 1280 298 1397 300 1420 305 1582 309 1689 315" HPOS="217" VPOS="183" WIDTH="1472" HEIGHT="166">
            <Shape>
              <Polygon POINTS="217 236 226 183 247 204 262 192 300 209 322 198 354 217 411 187 441 213 475 200 497 219 512 213 550 230 680 224 704 236 725 221 738 236 748 232 768 243 797 234 840 245 853 236 874 256 898 238 934 245 945 258 972 236 985 249 1013 234 1030 251 1088 258 1113 243 1156 281 1175 266 1233 256 1341 273 1367 251 1393 277 1416 275 1444 251 1467 251 1501 234 1525 249 1540 236 1578 232 1602 256 1629 253 1661 285 1685 281 1689 315 1674 347 1568 339 1555 349 1542 337 1508 332 1435 332 1412 345 1399 334 1358 332 1331 345 1324 337 1294 343 1252 309 1235 322 1198 324 1169 294 1124 322 1111 313 1100 322 1073 309 970 309 953 296 928 311 868 290 800 322 755 292 693 296 663 285 650 296 642 285 601 283 586 294 567 275 539 285 507 283 492 268 437 277 373 273 358 262 332 277 275 253 260 264 219 268"/>
            </Shape>
	        <String CONTENT="qu&#39;on fait le silence sur la vérité. Et ces reproductions" HPOS="217" VPOS="183" WIDTH="1472" HEIGHT="166"></String>
          </TextLine>
        
        
	      <TextLine ID="eSc_line_353345" BASELINE="198 324 232 324 258 328 279 326 426 337 448 334 499 341 520 347 588 343 612 347 800 356 838 362 915 360 981 366 1006 373 1030 369 1122 369 1316 381" HPOS="198" VPOS="283" WIDTH="1118" HEIGHT="133">
            <Shape>
              <Polygon POINTS="198 324 206 290 285 302 345 283 358 300 433 300 454 324 477 305 497 315 522 296 537 311 569 302 605 317 667 313 689 326 710 313 740 326 795 320 817 339 844 324 866 334 878 326 898 345 917 328 955 328 1034 341 1047 352 1068 332 1090 341 1102 328 1130 343 1179 341 1192 356 1288 352 1297 362 1314 360 1316 381 1309 407 1290 413 1252 403 1201 416 1188 401 1166 409 1147 401 1111 407 1051 390 1036 403 1024 394 983 405 940 396 923 403 898 373 855 390 834 386 821 371 785 390 733 377 699 388 684 371 644 379 603 369 544 375 526 364 492 371 456 354 411 371 360 356 322 362 313 354 298 362 268 347 253 360 236 347 200 343"/>
            </Shape>
	        <String CONTENT="suscitent naturellement de vives répliques." HPOS="198" VPOS="283" WIDTH="1118" HEIGHT="133"></String>
          </TextLine>
        
        
	      <TextLine ID="eSc_line_353346" BASELINE="590 435 620 435 642 439 718 437 868 448 917 445 1015 456 1122 454 1177 460 1277 465 1301 462 1322 467 1425 473 1516 471 1742 482" HPOS="590" VPOS="392" WIDTH="1152" HEIGHT="126">
            <Shape>
              <Polygon POINTS="590 435 597 392 654 411 672 403 689 411 712 398 738 411 778 411 823 396 838 413 864 409 885 422 932 411 974 430 987 418 1009 422 1026 407 1045 424 1058 416 1083 428 1098 420 1111 433 1137 426 1213 437 1248 428 1265 439 1297 426 1324 448 1373 426 1401 443 1435 428 1459 441 1514 441 1527 454 1540 445 1608 452 1646 441 1693 454 1717 433 1738 454 1742 482 1734 512 1721 514 1696 490 1657 512 1589 512 1578 499 1550 505 1531 497 1512 514 1493 507 1437 518 1395 486 1380 499 1356 501 1324 480 1305 492 1243 488 1220 497 1186 486 1162 499 1145 482 1122 490 1111 482 1075 486 1062 475 1006 490 964 471 919 480 898 462 866 482 849 471 704 473 665 452 633 467 608 460 593 469"/>
            </Shape>
	        <String CONTENT="Le résultat de ces campagnes se fait sentir à" HPOS="590" VPOS="392" WIDTH="1152" HEIGHT="126"></String>
          </TextLine>
        
        
	      <TextLine ID="eSc_line_353347" BASELINE="189 499 334 507 405 509 558 518 597 526 684 522 780 529 810 535 889 531 1019 537 1041 541 1149 539 1175 544 1294 550 1346 546 1369 552 1397 554 1508 558 1676 556 1768 567 1794 563" HPOS="189" VPOS="458" WIDTH="1605" HEIGHT="141">
            <Shape>
              <Polygon POINTS="189 499 196 458 224 469 238 462 262 482 328 462 360 482 405 467 448 482 537 480 569 490 599 471 633 494 667 486 701 499 748 488 787 507 804 494 874 505 938 499 970 522 1004 499 1017 509 1043 499 1056 509 1085 505 1111 518 1147 503 1160 514 1196 507 1205 516 1256 492 1294 524 1331 520 1356 541 1395 520 1422 526 1433 518 1446 524 1495 516 1508 526 1595 526 1608 537 1649 516 1683 537 1719 526 1736 539 1749 531 1777 535 1787 539 1794 563 1783 597 1757 590 1734 599 1717 588 1704 597 1664 597 1655 588 1606 595 1593 586 1580 593 1536 584 1491 595 1467 578 1399 584 1371 569 1346 588 1312 571 1239 582 1192 563 1130 582 1088 565 1017 567 996 548 960 571 904 556 887 565 855 554 810 558 793 546 748 565 716 544 678 558 635 535 616 550 576 550 552 533 516 554 465 537 420 546 398 535 288 533 266 516 209 535 194 522"/>
            </Shape>
	        <String CONTENT="la Conférence où il se trouve, vous le savez, des journalistes" HPOS="189" VPOS="458" WIDTH="1605" HEIGHT="141"></String>
          </TextLine>
        
        
	      <TextLine ID="eSc_line_353348" BASELINE="209 593 262 590 334 595 366 603 392 599 462 599 612 610 682 610 797 614 819 618 938 616 1100 627 1288 633 1401 633 1469 640 1591 644 1766 640" HPOS="206" VPOS="554" WIDTH="1558" HEIGHT="137">
            <Shape>
              <Polygon POINTS="206 590 211 554 234 563 268 556 292 573 305 563 377 558 409 571 433 554 462 576 524 567 558 580 597 571 618 584 648 563 680 593 714 571 763 595 785 578 821 586 864 580 885 597 904 584 1053 597 1111 597 1143 586 1181 603 1269 599 1294 616 1314 601 1350 595 1440 618 1465 605 1486 614 1516 603 1529 614 1557 605 1582 616 1640 605 1702 622 1757 614 1764 640 1755 678 1693 691 1659 669 1638 676 1582 665 1544 674 1508 661 1474 674 1444 657 1422 672 1373 654 1352 665 1314 659 1299 646 1277 663 1181 652 1154 661 1062 648 1038 661 1021 648 972 650 962 640 945 652 915 648 885 631 861 644 774 642 757 657 731 640 686 631 657 646 627 629 601 648 571 631 556 642 520 627 484 635 458 625 426 631 409 620 390 631 330 629 292 601 262 622 234 614 211 622"/>
            </Shape>
	        <String CONTENT="qui représentent à la fois le Gouvernement et la presse fran-" HPOS="206" VPOS="554" WIDTH="1558" HEIGHT="137"></String>
          </TextLine>
        
        
	      <TextLine ID="eSc_line_353364" BASELINE="198 680 285 686 445 686 467 682 490 689 522 691 663 695 706 691 729 697 840 704 985 701 1013 706 1083 708 1107 712 1267 710 1290 716 1397 721 1469 718 1591 725 1614 729 1708 729" HPOS="198" VPOS="646" WIDTH="1510" HEIGHT="128">
            <Shape>
              <Polygon POINTS="198 680 202 648 245 654 264 646 352 657 396 650 422 665 435 654 467 652 512 661 533 654 558 665 595 657 657 663 686 691 738 657 757 667 782 663 808 680 836 661 866 657 881 669 947 678 960 667 1017 680 1107 676 1122 686 1139 678 1156 686 1175 674 1198 684 1292 676 1312 686 1352 680 1378 691 1518 665 1561 699 1691 697 1708 729 1698 774 1666 753 1640 759 1619 740 1591 755 1578 746 1495 753 1472 736 1457 748 1437 744 1414 757 1386 744 1280 744 1260 761 1233 768 1198 759 1186 770 1115 721 1098 733 1034 738 985 729 955 740 923 727 902 740 883 725 827 729 812 716 789 733 770 721 729 729 693 699 652 729 588 714 537 714 522 725 497 712 480 725 467 716 443 723 416 697 377 718 339 695 320 708 202 710"/>
            </Shape>
	        <String CONTENT="çaise de discorde ; des divergences se produiront entre les" HPOS="198" VPOS="646" WIDTH="1510" HEIGHT="128"></String>
          </TextLine>
        
        
	      <TextLine ID="eSc_line_353349" BASELINE="192 768 245 768 266 772 386 772 407 768 433 774 569 780 706 780 755 782 881 789 962 787 1120 793 1145 797 1211 795 1384 802 1410 806 1572 804 1670 808" HPOS="192" VPOS="725" WIDTH="1476" HEIGHT="149">
            <Shape>
              <Polygon POINTS="192 768 196 736 232 725 270 738 296 725 345 744 375 725 430 765 480 733 529 748 541 742 571 759 593 740 650 761 674 746 757 746 778 765 800 746 849 759 887 746 947 759 1000 748 1032 763 1085 733 1128 733 1169 770 1275 763 1339 780 1378 759 1410 772 1450 763 1461 774 1489 757 1546 750 1587 785 1655 780 1668 806 1659 861 1604 874 1565 838 1525 827 1469 836 1454 823 1427 834 1369 832 1356 842 1335 834 1320 844 1312 836 1292 849 1271 827 1237 855 1177 861 1122 821 1079 819 1060 804 1034 823 960 812 906 829 878 827 868 838 855 829 800 842 768 812 721 804 693 810 648 802 631 814 580 797 554 806 503 800 445 812 435 802 411 810 396 800 381 810 356 808 341 795 302 806 279 795 268 802 196 791"/>
            </Shape>
	        <String CONTENT="délégués, pour le seul profit des Allemands ; et on égare" HPOS="192" VPOS="725" WIDTH="1476" HEIGHT="149"></String>
          </TextLine>
        
        
	      <TextLine ID="eSc_line_353365" BASELINE="174 853 390 857 588 866 761 864 782 868 812 868" HPOS="174" VPOS="821" WIDTH="638" HEIGHT="81">
            <Shape>
              <Polygon POINTS="174 853 179 834 204 823 256 821 288 832 388 821 413 846 439 827 499 836 512 825 522 836 558 832 571 842 599 825 648 851 697 821 740 844 789 836 808 851 812 868 806 893 791 902 770 889 669 891 650 874 633 889 582 900 552 887 524 900 514 889 480 885 452 902 420 883 396 889 373 881 296 893 277 881 177 887"/>
            </Shape>
	        <String CONTENT="mon pays comme le vôtre." HPOS="174" VPOS="821" WIDTH="638" HEIGHT="81"></String>
          </TextLine>
        
        
	      <TextLine ID="eSc_line_353360" BASELINE="601 947 665 953 819 955 846 960 1030 960 1085 962 1152 968 1346 968 1371 964 1395 970 1435 972 1555 977 1685 977" HPOS="599" VPOS="889" WIDTH="1084" HEIGHT="122">
            <Shape>
              <Polygon POINTS="599 945 601 896 616 900 629 889 646 898 680 891 710 915 731 908 759 930 785 910 808 934 832 919 910 930 968 915 987 932 1021 913 1056 915 1068 904 1085 910 1096 900 1113 908 1137 902 1179 940 1233 925 1282 925 1301 940 1341 928 1358 940 1378 928 1395 938 1435 938 1465 919 1486 930 1521 913 1576 913 1604 923 1632 951 1642 940 1678 947 1683 974 1674 1009 1606 1000 1576 1011 1531 998 1506 1002 1495 992 1429 1009 1408 1000 1322 1004 1307 992 1286 1002 1254 992 1213 1000 1179 989 1134 994 1115 979 1083 994 1058 979 1002 992 983 972 964 989 876 996 857 987 832 1011 795 1011 761 974 710 977 699 966 682 981 601 977"/>
            </Shape>
	        <String CONTENT="J'ai été frappé de l’inquiétude qui régnait" HPOS="599" VPOS="889" WIDTH="1084" HEIGHT="122"></String>
          </TextLine>
        
        
	      <TextLine ID="eSc_line_353361" BASELINE="174 1028 349 1032 375 1038 430 1034 601 1034 691 1041 742 1041 763 1045 1030 1043 1186 1051 1371 1051 1393 1056 1504 1062 1646 1058" HPOS="172" VPOS="977" WIDTH="1472" HEIGHT="121">
            <Shape>
              <Polygon POINTS="172 1026 183 985 221 1009 247 992 258 1002 281 1000 302 1011 330 998 369 1002 396 994 469 1013 488 998 548 1009 576 1002 599 981 627 996 695 977 721 981 763 1013 780 1006 861 1019 889 1000 945 1017 962 1004 981 1015 1026 1004 1036 1013 1077 1000 1102 1021 1147 1019 1162 1034 1209 1017 1239 1036 1256 1021 1290 1017 1384 1028 1395 1019 1437 1024 1465 1004 1495 1013 1542 1004 1568 1028 1582 1017 1608 1036 1627 1036 1644 1056 1638 1098 1576 1081 1557 1094 1531 1090 1508 1068 1472 1090 1341 1088 1329 1098 1303 1077 1267 1094 1239 1070 1211 1083 1179 1079 1162 1062 1132 1077 1070 1073 1045 1083 925 1073 893 1083 855 1053 840 1066 710 1075 663 1053 603 1070 582 1053 541 1068 522 1062 501 1077 486 1070 471 1081 448 1058 422 1053 377 1062 354 1056 332 1068 298 1043 273 1060 177 1047"/>
            </Shape>
	        <String CONTENT="à ce suiet dans ce milieu d'Américains si Français. A la" HPOS="172" VPOS="977" WIDTH="1472" HEIGHT="121"></String>
          </TextLine>
        
        
	      <TextLine ID="eSc_line_353362" BASELINE="172 1117 260 1117 305 1122 509 1120 697 1130 985 1128 1088 1139 1316 1137 1356 1143 1416 1143 1469 1147 1721 1145 1747 1149" HPOS="172" VPOS="1066" WIDTH="1575" HEIGHT="115">
            <Shape>
              <Polygon POINTS="172 1117 177 1077 260 1090 305 1077 358 1107 386 1088 441 1092 458 1105 509 1085 531 1094 565 1081 610 1094 678 1066 744 1113 765 1100 940 1102 972 1085 1021 1109 1060 1085 1109 1120 1166 1102 1220 1122 1254 1102 1265 1111 1297 1107 1316 1122 1354 1098 1371 1113 1403 1120 1448 1096 1469 1102 1497 1092 1514 1102 1538 1094 1570 1120 1587 1111 1606 1124 1632 1124 1651 1111 1674 1126 1693 1115 1723 1120 1740 1126 1747 1149 1738 1169 1710 1181 1683 1171 1646 1179 1632 1169 1499 1179 1448 1164 1397 1175 1376 1169 1358 1181 1333 1181 1284 1160 1241 1171 1216 1152 1190 1166 1130 1166 1107 1152 1092 1164 1058 1166 1019 1156 883 1164 866 1154 844 1169 755 1149 723 1160 689 1141 661 1156 586 1149 569 1164 518 1147 490 1169 439 1169 411 1145 401 1149 384 1139 354 1156 298 1145 268 1158 247 1141 206 1147 177 1137"/>
            </Shape>
	        <String CONTENT="longue, on commence à comprendre le mal que je n&#39;ai cessé de" HPOS="172" VPOS="1066" WIDTH="1575" HEIGHT="115"></String>
          </TextLine>
        
        
	      <TextLine ID="eSc_line_353366" BASELINE="164 1201 192 1207 424 1205 448 1209 550 1216 819 1213 859 1220 942 1224 1252 1222 1309 1228 1354 1226 1376 1233 1800 1240" HPOS="162" VPOS="1160" WIDTH="1636" HEIGHT="126">
            <Shape>
              <Polygon POINTS="162 1198 168 1179 196 1164 290 1177 326 1166 358 1181 390 1177 409 1192 428 1177 492 1184 507 1173 554 1186 567 1177 584 1181 608 1164 627 1171 650 1160 684 1186 723 1173 782 1211 827 1181 855 1184 878 1203 902 1186 974 1194 1073 1188 1111 1209 1156 1188 1194 1196 1216 1190 1235 1205 1256 1190 1337 1205 1380 1184 1401 1198 1431 1198 1476 1181 1501 1188 1514 1177 1570 1173 1621 1209 1689 1201 1792 1207 1798 1239 1792 1265 1764 1262 1728 1286 1685 1258 1657 1269 1572 1254 1510 1265 1499 1256 1474 1262 1452 1254 1431 1265 1393 1258 1337 1271 1305 1252 1277 1250 1260 1260 1237 1241 1224 1252 1190 1254 1122 1252 1111 1243 1075 1256 992 1248 974 1260 951 1245 870 1269 844 1248 819 1245 800 1230 770 1252 748 1239 684 1245 674 1237 622 1252 590 1239 565 1250 548 1241 505 1252 428 1230 377 1245 332 1233 313 1243 268 1233 236 1241 166 1220"/>
            </Shape>
	        <String CONTENT="signaler, mais en vain, et que nous font les journaux mondains" HPOS="162" VPOS="1160" WIDTH="1636" HEIGHT="126"></String>
          </TextLine>
        
        
	      <TextLine ID="eSc_line_353355" BASELINE="164 1292 300 1297 347 1301 586 1301 663 1297 691 1305 791 1309 1098 1307 1160 1314 1299 1318 1657 1319 1746 1323" HPOS="162" VPOS="1254" WIDTH="1583" HEIGHT="109">
            <Shape>
              <Polygon POINTS="162 1290 172 1269 215 1254 238 1254 258 1269 294 1254 334 1269 398 1271 426 1262 450 1282 469 1267 499 1271 535 1256 556 1273 578 1260 599 1267 644 1256 680 1277 757 1280 772 1271 795 1290 836 1273 872 1286 904 1267 947 1280 985 1275 998 1286 1013 1275 1120 1284 1145 1273 1162 1286 1218 1282 1271 1314 1316 1277 1369 1299 1382 1288 1429 1288 1474 1273 1493 1280 1516 1269 1550 1294 1593 1286 1638 1314 1661 1294 1717 1284 1738 1292 1745 1322 1738 1346 1715 1352 1661 1350 1642 1337 1619 1354 1604 1346 1512 1352 1452 1339 1435 1352 1422 1341 1395 1354 1378 1346 1352 1361 1307 1348 1267 1318 1230 1344 1175 1335 1120 1337 1109 1346 1075 1335 1030 1344 1000 1333 934 1335 915 1350 891 1346 870 1363 829 1356 789 1322 693 1339 625 1326 597 1337 569 1324 535 1326 460 1344 430 1322 371 1324 347 1339 320 1322 262 1312 247 1324 166 1322"/>
            </Shape>
	        <String CONTENT="soi-disant patriotiques et bien pensants. On se figure, aux" HPOS="162" VPOS="1254" WIDTH="1583" HEIGHT="109"></String>
          </TextLine>
        
        
	      <TextLine ID="eSc_line_353356" BASELINE="166 1382 219 1382 241 1386 484 1384 558 1388 605 1395 1009 1393 1030 1397 1162 1399 1186 1405 1211 1401 1614 1401 1691 1405" HPOS="166" VPOS="1331" WIDTH="1525" HEIGHT="117">
            <Shape>
              <Polygon POINTS="166 1382 170 1348 307 1356 362 1337 384 1354 426 1354 465 1382 514 1354 539 1361 599 1341 612 1350 631 1344 654 1358 680 1337 706 1331 744 1363 763 1356 791 1380 812 1361 915 1365 925 1356 970 1373 985 1361 1036 1369 1051 1356 1085 1350 1105 1365 1139 1341 1171 1369 1271 1373 1286 1365 1309 1384 1326 1371 1446 1373 1480 1361 1542 1397 1593 1365 1629 1384 1670 1376 1691 1405 1672 1435 1593 1425 1574 1440 1533 1408 1484 1442 1418 1429 1405 1440 1380 1433 1337 1448 1299 1425 1273 1435 1254 1427 1218 1437 1198 1422 1122 1425 1107 1433 1092 1422 1053 1425 1043 1416 989 1427 970 1414 902 1437 878 1418 817 1420 791 1399 772 1416 680 1422 657 1405 640 1418 593 1414 535 1427 445 1427 416 1410 339 1414 315 1399 290 1412 245 1414 170 1405"/>
            </Shape>
	        <String CONTENT="Etats-Unis, qu'ils sont contre le Président Wilson ; c&#39;est" HPOS="166" VPOS="1331" WIDTH="1525" HEIGHT="117"></String>
          </TextLine>
        
        
	      <TextLine ID="eSc_line_353350" BASELINE="174 1467 256 1472 305 1467 345 1476 430 1480 780 1478 838 1484 887 1484 908 1489 1472 1486 1499 1491 1563 1493 1689 1489" HPOS="174" VPOS="1425" WIDTH="1515" HEIGHT="115">
            <Shape>
              <Polygon POINTS="174 1467 181 1427 206 1440 238 1431 320 1446 339 1433 381 1467 407 1446 454 1448 475 1440 531 1448 578 1437 601 1448 618 1433 631 1440 676 1425 697 1429 725 1452 736 1446 763 1467 785 1454 870 1450 904 1459 949 1452 968 1465 987 1452 1028 1459 1045 1446 1079 1448 1102 1437 1132 1459 1207 1454 1220 1465 1239 1463 1267 1486 1309 1452 1341 1452 1386 1476 1403 1463 1448 1461 1467 1444 1546 1437 1585 1467 1600 1454 1627 1472 1678 1465 1689 1489 1683 1525 1655 1514 1608 1529 1561 1516 1533 1523 1514 1506 1493 1523 1418 1527 1397 1514 1344 1540 1271 1493 1220 1525 1203 1516 1096 1512 1051 1521 1036 1510 1002 1523 968 1506 928 1525 908 1510 861 1506 840 1514 804 1508 785 1521 763 1504 710 1506 686 1491 665 1508 584 1497 569 1510 524 1510 503 1523 462 1516 441 1499 390 1495 366 1508 330 1497 179 1497"/>
            </Shape>
	        <String CONTENT="évident, mais c’est en passant seulement ; ils sont contre" HPOS="174" VPOS="1425" WIDTH="1515" HEIGHT="115"></String>
          </TextLine>
        
        
	      <TextLine ID="eSc_line_353357" BASELINE="151 1559 253 1565 565 1563 642 1570 723 1570 789 1574 1175 1572 1235 1576 1425 1578 1472 1582 1632 1582" HPOS="151" VPOS="1516" WIDTH="1481" HEIGHT="101">
            <Shape>
              <Polygon POINTS="151 1559 153 1531 168 1518 215 1538 238 1531 258 1546 279 1527 324 1533 339 1521 366 1533 388 1523 405 1536 467 1527 482 1536 531 1533 546 1544 573 1527 595 1533 618 1516 652 1533 676 1527 697 1544 738 1540 761 1555 791 1538 800 1546 846 1542 864 1557 889 1538 908 1544 923 1531 940 1546 968 1536 983 1546 1006 1546 1019 1536 1062 1540 1090 1518 1105 1531 1128 1527 1152 1544 1198 1538 1209 1548 1241 1544 1282 1559 1301 1542 1324 1550 1344 1542 1378 1555 1408 1538 1427 1546 1446 1546 1461 1533 1476 1542 1523 1540 1557 1516 1576 1527 1587 1523 1625 1555 1632 1582 1619 1614 1544 1606 1512 1617 1501 1608 1457 1614 1446 1604 1422 1614 1386 1591 1369 1602 1299 1604 1282 1589 1265 1600 1213 1597 1164 1610 1107 1595 1079 1612 1056 1602 1000 1608 981 1600 953 1614 870 1595 842 1608 761 1587 748 1597 652 1600 582 1587 552 1602 488 1602 454 1614 424 1591 268 1591 253 1580 198 1602 155 1580"/>
            </Shape>
	        <String CONTENT="les Américains, contre les Anglais, contre les Italiens," HPOS="151" VPOS="1516" WIDTH="1481" HEIGHT="101"></String>
          </TextLine>
        
        
	      <TextLine ID="eSc_line_353352" BASELINE="147 1653 277 1649 405 1649 486 1659 955 1657 977 1661 1143 1664 1164 1668 1710 1668 1742 1661" HPOS="147" VPOS="1595" WIDTH="1595" HEIGHT="109">
            <Shape>
              <Polygon POINTS="147 1653 151 1629 170 1617 309 1619 330 1629 349 1614 426 1621 437 1612 467 1634 490 1614 524 1629 544 1619 588 1625 620 1612 635 1619 693 1595 768 1646 823 1625 968 1634 1009 1621 1043 1632 1079 1617 1107 1629 1154 1606 1207 1649 1224 1636 1267 1636 1292 1621 1348 1638 1369 1634 1397 1655 1422 1638 1476 1634 1514 1619 1533 1623 1553 1608 1595 1608 1651 1642 1721 1638 1742 1661 1730 1693 1670 1700 1627 1691 1617 1700 1595 1685 1565 1704 1542 1693 1435 1698 1414 1681 1388 1702 1363 1689 1294 1687 1252 1704 1216 1683 1162 1696 1034 1687 1004 1698 964 1670 940 1687 808 1683 787 1674 755 1696 736 1683 704 1689 665 1681 616 1691 561 1678 526 1696 484 1696 473 1704 441 1678 424 1689 396 1676 371 1683 332 1670 215 1681 166 1676 151 1666"/>
            </Shape>
	        <String CONTENT="contre tous nes Alliés, contre le monde entier, enfin, comme" HPOS="147" VPOS="1595" WIDTH="1595" HEIGHT="109"></String>
          </TextLine>
        
        
	      <TextLine ID="eSc_line_353353" BASELINE="155 1745 593 1742 659 1747 874 1749 898 1753 1617 1763" HPOS="153" VPOS="1698" WIDTH="1461" HEIGHT="108">
            <Shape>
              <Polygon POINTS="153 1742 155 1717 189 1708 253 1713 279 1702 300 1721 332 1704 379 1728 409 1710 503 1715 524 1698 567 1723 597 1710 616 1715 633 1700 648 1710 678 1700 697 1717 742 1708 785 1736 817 1719 960 1721 1004 1710 1038 1725 1098 1702 1111 1713 1130 1706 1177 1740 1207 1719 1239 1730 1337 1721 1378 1747 1431 1719 1493 1728 1550 1702 1602 1698 1614 1762 1602 1794 1572 1792 1553 1779 1540 1789 1527 1779 1489 1777 1461 1798 1427 1787 1408 1802 1399 1792 1373 1806 1318 1779 1305 1785 1294 1777 1280 1787 1265 1774 1196 1785 1171 1770 1132 1794 1096 1766 1070 1783 992 1779 977 1792 932 1796 898 1774 876 1772 853 1787 836 1774 787 1766 746 1777 689 1772 674 1783 648 1766 627 1781 614 1770 597 1785 567 1772 516 1794 501 1785 473 1789 450 1768 413 1777 384 1770 371 1781 300 1766 245 1779 226 1766 202 1781 157 1768"/>
            </Shape>
	        <String CONTENT="avant la guerre et pour recommencer la guerre. On s&#39;en" HPOS="153" VPOS="1698" WIDTH="1461" HEIGHT="108"></String>
          </TextLine>
        
        
	      <TextLine ID="eSc_line_353359" BASELINE="130 1828 309 1828 486 1834 631 1834 657 1841 708 1836 942 1836" HPOS="130" VPOS="1777" WIDTH="812" HEIGHT="119">
            <Shape>
              <Polygon POINTS="130 1828 132 1800 157 1785 177 1804 332 1794 356 1815 381 1800 416 1804 428 1794 452 1806 467 1796 514 1798 524 1789 537 1800 573 1789 601 1804 614 1792 667 1796 686 1777 733 1777 763 1802 772 1796 789 1806 851 1811 910 1802 942 1836 936 1879 900 1896 864 1879 840 1896 804 1860 776 1877 759 1864 691 1868 669 1856 608 1879 571 1868 556 1883 541 1870 494 1879 475 1860 401 1873 352 1845 324 1864 285 1860 273 1873 179 1860 132 1881"/>
            </Shape>
	        <String CONTENT="aperçoit aujourd&#39;hui seulement." HPOS="130" VPOS="1777" WIDTH="812" HEIGHT="119"></String>
          </TextLine>
        
        
	      <TextLine ID="eSc_line_353358" BASELINE="1036 1975 1784 1974" HPOS="1034" VPOS="1907" WIDTH="749" HEIGHT="126">
            <Shape>
              <Polygon POINTS="1034 1973 1038 1928 1064 1945 1113 1932 1132 1943 1194 1932 1216 1941 1230 1926 1248 1941 1286 1943 1324 1934 1352 1907 1382 1922 1399 1907 1448 1952 1516 1947 1531 1937 1542 1947 1559 1941 1582 1960 1608 1939 1625 1947 1644 1934 1715 1945 1732 1928 1779 1930 1783 1973 1779 2003 1766 2011 1747 2007 1732 2016 1721 2005 1700 2005 1681 2013 1664 2003 1649 2018 1625 2007 1602 2030 1587 2018 1550 2033 1531 2033 1508 2009 1474 1998 1401 2009 1388 2003 1378 2011 1363 2003 1320 2022 1284 2001 1260 2013 1241 2005 1207 2020 1186 2011 1158 2024 1113 2001 1083 1998 1073 2009 1058 1996 1038 1998"/>
            </Shape>
	        <String CONTENT="Votre affectueusement dévoué," HPOS="1034" VPOS="1907" WIDTH="749" HEIGHT="126"></String>
          </TextLine>
        
        
	      <TextLine ID="eSc_line_353351" BASELINE="980 2087 1399 2092 1461 2097 1662 2100" HPOS="979" VPOS="2001" WIDTH="682" HEIGHT="157">
            <Shape>
              <Polygon POINTS="979 2086 987 2065 1002 2067 1030 2041 1070 2041 1111 2001 1143 2011 1179 2050 1213 2024 1233 2041 1243 2037 1284 2080 1329 2069 1354 2086 1390 2086 1442 2062 1525 2075 1546 2058 1563 2058 1600 2092 1661 2099 1649 2126 1589 2116 1572 2131 1546 2122 1501 2150 1478 2129 1467 2139 1412 2139 1390 2158 1382 2150 1365 2154 1324 2112 1267 2114 1239 2133 1222 2122 1156 2122 1139 2135 1085 2120 1047 2126 1036 2137 981 2092"/>
            </Shape>
	        <String CONTENT="££" HPOS="979" VPOS="2001" WIDTH="682" HEIGHT="157"></String>
          </TextLine>
        
        
	      <TextLine ID="eSc_line_353354" BASELINE="13 2286 236 2284 283 2280 1111 2280" HPOS="12" VPOS="2212" WIDTH="1097" HEIGHT="121">
            <Shape>
              <Polygon POINTS="12 2284 14 2248 25 2237 72 2254 98 2231 145 2254 177 2235 226 2261 241 2246 288 2246 298 2254 328 2231 354 2254 373 2240 390 2246 401 2237 416 2252 488 2246 505 2257 531 2240 556 2244 569 2231 593 2242 627 2233 644 2242 669 2229 693 2240 738 2212 793 2235 810 2252 825 2242 838 2254 857 2252 883 2233 930 2261 998 2229 1011 2237 1049 2229 1102 2254 1109 2278 1102 2314 970 2308 953 2325 923 2308 898 2318 861 2308 763 2316 736 2304 708 2325 642 2325 625 2308 608 2323 586 2325 561 2308 514 2304 501 2316 490 2306 450 2308 437 2318 416 2308 398 2325 381 2310 345 2310 309 2331 285 2310 251 2314 232 2295 211 2316 194 2318 149 2295 119 2325 104 2310 81 2308 68 2321 53 2312 29 2333 14 2329"/>
            </Shape>
	        <String CONTENT="sieur le Président Nicholas Murray BUTLER," HPOS="12" VPOS="2212" WIDTH="1097" HEIGHT="121"></String>
          </TextLine>
        
        
	      <TextLine ID="eSc_line_353363" BASELINE="398 2368 614 2378 693 2374" HPOS="398" VPOS="2333" WIDTH="295" HEIGHT="90">
            <Shape>
              <Polygon POINTS="398 2368 411 2340 580 2333 597 2342 610 2333 629 2338 663 2368 689 2365 693 2374 686 2414 678 2417 669 2408 612 2408 597 2423 552 2410 492 2410 475 2419 445 2408 420 2421 401 2414"/>
            </Shape>
	        <String CONTENT="NEW-YORK." HPOS="398" VPOS="2333" WIDTH="295" HEIGHT="90"></String>
          </TextLine>
        </TextBlock>
        
      </PrintSpace>
    </Page>
  </Layout>
</alto>
