1920 2560
921 6 132 83 - 3 -

320 121 1427 162 optimisme indomptable veut constater aujourd'hui, une fois

332 219 1457 137 de plus, c’est que toute la bêtise et la méchanceté humaines

324 305 1500 130 n'ont pu empêcher le soleil de Mars de se lever comme si rien

334 392 1366 117 ne s'était passé. La guerre est notre œuvre ; elle n'a

320 475 1472 118 existé que pour notre planète ; elle est notre erreur, notre

322 554 1429 115 châtiment ; elle ne change rien au cours des choses ; elle

334 640 1479 110 n’arrête pas d'un millième de seconde le mouvement universel;

320 723 1493 111 elle à fait tout le mal possible, mais, tout de même et malgré

320 810 1335 96 tout, la vie continue autour de nous, au-dessus de nous.

693 896 1086 93 Même à Paris, l'activité de tout ce monde qui

317 974 1438 92 constitue la Conférence de la Paix, réagit sur ceux d'entre

324 1058 1485 108 nous qui ne font pas partie de la conférence. Je suis obligé

307 1137 1455 113 de déjeuner, de dîner en ville, de siéger dans maintes com-

330 1218 1447 96 missions, de parler, d'agir, et même, hélas ; de recevoir, ce

324 1290 1384 118 qui est le plus insoluble des problèmes, pourtant résolu.

691 1382 1073 92 Si vous étiez tombé du ciel hier rue Molitor,

326 1459 1380 83 vous auriez cru, comme moi, rêver. J'ai voulu, comme vous

326 1533 1397 86 savez, atténuer, dans la mesure/possible, les froissements

320 1610 1390 96 interalliés de l’après-guerre et reprendre nos traditions,

311 1691 1423 88 plus nécessaires que jamais de conciliation. Et ces tradi-

326 1772 1419 88 tions répondent si bien à un besoin, qu'il ne me suffit pas

326 1847 1453 98 d'avoir, heureusement, à ma disposition, la rue Pierre-Curie,

307 1932 1508 103 le Cercle Interallié et, dans une mesure, le Bd. Saint-Germain

311 2009 1457 88 le Sénat et la chambre des Députés restés très-fidèles ; il me

311 2090 1431 86 faut tout de même inviter nos amis, tant bien que mal, mais

309 2171 1421 83 les inviter chez moi, en famille. Quelques réceptions dans
