1920 2560
906 108 150 58 - 4 -

337 243 1356 91 catholique, il a compris que l’agression allemande contre la

332 320 1355 91 Belgique était inacceptable par tous ; il a mis tous ses er-

330 394 1329 94 forts à faire naître autour de lui d’autres protestation"s,

328 471 1289 85 et l'on peut dire qu’il a été l'un de ceux qui ont essayé

330 541 1325 101 d'atténuer ce qu'il pouvait y avoir d’excessif dans la neu-

328 620 425 84 tralité espagnole.

678 697 845 77 J’arrive aux Etats-Unis. Qu’a fait la

307 774 1418 81 Dotation Carnegie ? Il ne me sera pas facile de vous l'expli-

315 851 1319 72 quer ; vous ne pourriez le savoir qu'à la condition d’avoir

324 925 1316 90 vécu avec nous à Paris, pendant les mauvais jours surtout,

324 1002 1079 103 dans notre patit bureau de la rue Pierre-Curie.

667 1079 1001 77 Je n'ai pas accepté un instant l'idée que la

307 1154 1322 79 neutralité des Etats-Unis puisse être considérée comme na-

326 1235 1325 68 turelle, en face de l’agression allemande. Dès le début de

324 1309 1312 88 la guerre, 'ai écrit à mes amis Américains, (au Président

326 1384 1333 77 Butler notamment, avec qui j’ai entretenu régulièrement une

326 1461 1323 85 correspondance amicale et des plus suivies, qu’ils ne pou-

324 1536 1327 78 vaient rester spectateurs du crime, que leur neutralité, au

307 1610 1344 71 point de vue européen et américain, était une anomalie, qu'

324 1681 1327 76 elle les priverait du droit de prendre place plus tard à la

315 1760 1357 72 conférence qui réglerait le sort du Monde. Je n'ai donc pas

313 1834 1344 92 interrompu mes bonnes relations anciennes avec eux ; j'en ai

315 1911 1272 81 profité au contraire pour les avertir franchement qu’ils

320 1977 1326 115 faisaient fausse route en s’enfermant dans leur neutralité.

640 2060 1002 73 Je voudrais pouvoir vous mettre sous les yeux

324 2129 1367 111 le volume, les volumes, que représente ma correspondance avec
