1920 2560
930 130 140 62 - 2 -

708 305 1054 98 J'ai saisi par hasard hier, en voyageant dans

347 379 1404 103 un compartiment bondé d’officiers américains venant à Paris

352 460 1440 101 un nouveau signe de cette jeunesse de vos cœurs. Un journal

369 535 1410 107 américain se publie au Mans pour faire patienter vos troupes

364 618 1464 105 qui attendent là, en grand nombre, soit l’heure de leur retour

358 693 1376 100 tant désiré au pays natal, soit leur envoi en Allemagne, à

362 768 1464 102 Coblentz, ou dans quelque autre ville des bords du Rhin. Voici

360 842 1427 94 un numéro de ce journal. J'y ai trouvé en première page, en

369 932 1433 85 gros caractères, comme la recommandation la plus essentielle :

565 1090 1086 102 C'EST DEMAIN DIMANCHE. LE JOUR DE VOTRE MERE.

928 1179 328 71 ECRIVEZ-LUI .

708 1324 1118 81 Cette recommandation touchante en dit long. En

349 1399 1489 100 France, chacun de nos jeunes gens aime sa mère, son pays, mais

354 1480 1467 92 nous sommes dressés à ne jamais parler de nos bons sentiments

369 1563 1329 94 et, si quelqu'un en parle, à se moquer de lui comme d'un

364 1638 1447 92 naîf. On n'oserait pas, dans un journal pour l’armée, recom-

347 1717 1464 94 mander aux jeunes gens de penser à leur mère et de lui écrire.

358 1794 1429 104 Vous n’avez pas connu les moeurs du militarisme. En Algérie,

360 1877 1402 98 jadis, un soldat qui faisait des économies et qui ne buvait

352 1956 1476 102 pas était mal vu ; il lui fallait, en outre, avoir contracté et

356 2030 1367 107 propagé de bonnes maladies vénériennes. C'était martial.-

358 2114 1453 102 Et aujourd'hui encore, vous trouverez dans nos feuilles mili-

358 2188 1521 113 taristes tout autre chose que des conseils de dévouement filial;
