1920 2560
930 142 140 71 - 7 -

334 279 1394 98 situation de/prêter, dès le lendemain de l'armistice, et même

332 375 1353 79 avant, son concours le plus large et le plus efficace à l'

324 452 1453 85 œuvre de l'Association nouvelle ; notre personnel, notre local

317 529 1366 79 notre matériel, toutes nos ressources enfin, principalement

328 608 1391 74 pendant le dernier trimestre de l'année 1918, sans toutefois

313 686 1321 75 confondre les deux œuvres. Cela a permis au groupement

315 750 1417 94 nouveau de chercher un appartement, de recruter un personnel,

324 842 1273 77 de s'organiser enfin. Vous avez assisté, Messieurs, le

309 917 1416 79 26 Janvier, à l'inauguration de cet appartement, 254. Bd. St-

315 1002 1353 71 Germain ; vous avez pu vous rendre compte qu’il a été ins-

315 1073 1393 76 tallé à très peu de frais, sans luxe ; nous avons voulu tout

309 1154 1401 70 faire nous-mêmes, sans €rien€ demander de subventions aux gou-

307 1233 1418 70 vernements. C'est le concours prêté par la Dotation Carnegie

315 1312 1368 70 qui a permis cette installation ; c’est le concours qu’elle

315 1388 1317 73 continue de prêter, et qu'elle prêtera longtemps, s’il le

309 1467 1273 69 faut, qui assure la bonne marche du nouveau bureau. Du

320 1525 1382 94 fait de cette contribution, les dépenses du Bureau Européen,

311 1614 1321 75 durant le dernier trimestre de 1918, ont été sensiblement

317 1691 1385 75 plus élevées que celles des trimestres précédents ; l'augmen-

322 1755 1361 90 tation est d'environ 3.950 francs ; j’ai pris sur moi d’en-

317 1845 1411 70 gager cette dépense sous réserve de l'approbation de M.M. les

328 1922 1291 68 Trustees Américains, et je ne doute pas que vous donnerez

317 1990 1383 75 votre approbation entière à l'aide apportée par notre Bureau

317 2065 1229 79 à l'Association Française pour la Société des Nations.

827 2173 907 77 (Approbation générale ; tous les membres
