1920 2560
878 72 139 70 - 3 -

224 177 1497 138 Gouvernement d’union sacrée, anti-socialiste, est plus ou moins

221 285 1443 103 anti-démocratique et perd par là tous les avantages naturels

232 371 1478 98 que nous pouvions tirer de notre résistance héroïque à l’auto-

230 452 1429 92 cratie". O paradoxe! combattre l’autocratie chez les autres

221 531 1445 94 et la d/émocratie chez nous!! Mais, tout de même, et surtout

230 610 1532 94 après les souffrances et les expériences de la guerre, la France

211 693 1514 94 restera la France. Que pensera-t-elle, intelligente comme elle

217 776 1485 81 l'est, si elle constate qu 'on a fondé une société des Nations

230 859 1506 83 dont elle sera la dupe ou la victime, et qu’elle est expropriée

224 936 1367 83 de ses traditions séculaires par ses propres alliés ....

629 1019 943 77 Une grande déception suivra la guerre.-

206 1092 1549 85 Bourgeois m'a parlé de son intention de protester, d'accord avec

215 1184 1517 68 Clemenceau, si on ne tient pas compte de ses avis. Il a raison

213 1262 1485 75 et Clemenceau aussi a raison sur les trois points que je viens

215 1335 1515 81 d’indiquer. Qu'on y prenne garde : les discussions personnel-

213 1420 1361 73 les d'hommes politiques sont superficielles ;- la période

226 1501 1455 71 transitoire de l'armistice est passagère ; - les hommes et les

215 1578 1402 73 choses passeront. Clemenceau, Bourgeois, comme le Président

204 1659 1470 71 Wilson passeront ; mais, si leur oeuvre n'est pas durable, les

213 1738 866 71 déceptions resteront et les dangers.

633 1809 975 76 C'est ce que je me suis décidé à écrire à

204 1881 1387 90 Lloyd George par la lettre personnelle ci-jointe, que j’ai

206 1962 1404 79 communiquée au Président Wilson, au colonel House à Arthur

213 2009 1521 64 Balfour et à Lord Robert Cecil en m'autorisant de mes relations

226 2048 1399 68 anciennes avec eux, cela dans l'intérét de Bourgeois, qui ne

228 2080 1474 76 m'en saura peut-être pas gré, et de Clemenceau, et de la Confé-

228 2129 1397 64 rence, dont je ne fais pas partie, malheureusement, mais que

219 2167 1052 100 je tiens à servir quand même et malgré tout.

947 2229 678 72 Votre affectueusement dévoué,

27 2350 907 84 Monsieur le Président N.Murray BUTLER.

985 2297 546 120 ££d'Estournelles de Constant££

418 2404 209 64 NEW-YORK.
