1920 2560
716 142 357 94 LETTRE N° 473.

153 211 286 111 SÉNAT

1171 290 582 108 PARIS, le 2 Février 1919.

689 462 458 118 LE PROGRAMME COMMUN

324 573 1241 81 des ASSOCIATIONS pour la SOCIETE des NATIONS , -

514 654 746 88 remis aux quatre GOUVERNEMENTS.

418 864 1077 98 LE CONSEIL INTERALLIÉ de la rue PIERRE-CURIE .

580 1002 753 73 NOTRE BUDGET et NOTRE PROGRAMME

731 1064 248 53 pour 1919.

620 1098 741 109 UN JOURNAL POPULAIRE de VÉRITÉ.

797 1273 365 62 Mon cher Butler,

597 1416 1233 73 Hier matin samedi, M. BOURGEOIS, les représentants des

366 1480 1419 88 délégations américaines (Hamilton HOLT, en attendant l’arrivée

360 1565 1459 75 de STRAUSS), anglaise et italienne et moi, sommes allés remettre

360 1642 1350 73 personnellement notre programme commun aux quatre chefs des

364 1708 1396 88 gouvernements alliés ; à M. CLEMENCEAU, à M. ORLANDO, à LLOYD-

366 1787 1458 77 GEORGE, au Colonel HOUSE, (en l'absence momentanée€s€ du Président

375 1864 1483 73 WILSON). Cette démarche et cette manifestation étaient opportunes.

375 1934 1380 90 Nous avons constaté que, loin d’etre accueillis avec réserve,

198 2060 798 71 à M. le Président N. Murray BUTLER

437 2107 207 64 NEW YORK
