1920 2560
908 68 158 102 - 2 -

275 277 1510 117 terrible dont ils ne pourraient sortir que par les sacrifices

273 371 1021 94 mêmes qu’ils sont décidés à ne pas faire.

686 456 1131 107 Quoi qu’il en soit, c’est à eux que la majori-

277 533 1408 102 té du pays, grâce aux divisions et à la faiblesse et à la

275 610 1493 106 désorganisation des cadres des républicains, vient de confier

277 701 1472 103 la lourde tâche de rétablir notre situation intérieure et de

277 776 892 94 fortifier nos relations extérieures.

682 864 1124 102 Les socialistes ont enlevé aux républicains un

264 942 1523 107 grand nombre de voix, faute desquelles ont triomphé les candi-

270 1024 1379 102 dats de concentration à droite. Voilà, en fait, un parti

270 1102 1453 107 conservateur au pouvoir. Nous verrons ce qu'il donnera. Il

266 1186 1434 106 est à peu près constant, en France, qu’après chacune de nos

258 1267 1470 104 grandes guerres, la réaction profite du désordre des esprits

258 1339 1525 111 et des choses. Le désespoir du pays est sa ressource. Cela ne

273 1427 1403 106 dure pas. Nous en avons eu la preuve, après 1815 et 1871,

277 1508 228 72 notamment.

682 1593 1097 103 Il est vrai que les partis d’avant-garde, sur-

273 1659 1457 118 tout s’ils sont compromis par des violents, s’effondrent plus

277 1740 1500 111 vite encore au pouvoir, témoin le sort de notre admirable révo-

275 1819 962 96 lution de 1848, prélude du Second Empire.

659 1907 1060 100 Ce qui revient à dire, une fois de plus, que

258 1973 1484 107 nous sommes le pays de l'ordre, de la mesure et que, chez nous,

258 2054 1465 104 toute violence se paie. Malheureusement, c’est la France qui

258 2133 1378 100 paiera le prix de ces catastrophes successives et toujours

253 2201 220 85 répétées.
