1920 2560
938 2 179 85 - 3 -

625 217 1111 100 Je veux bien que cette bonne femme soit une

192 288 1589 123 exception ; mais d'autres voudraient un empereur ; d’autres un

196 373 1647 130 général, un maître enfin. Au total, cela fait beaucoup de monde

192 471 1636 117 contre la République ; et c’est pourquoi je me réfuse énergique-

192 561 1557 111 ment, sous prétexte de redouter le bolchevisme qui jamais ne

187 644 1596 117 s’acclimatera en France, à préparer le retour des vieux partis

194 736 1557 108 qui, non contents de nous avoir fait tant de mal, voudraient

200 819 612 89 maintenant nous achever.

597 913 1203 106 Croyez bien que je ne suis devenu ni socialiste

189 983 1445 119 ni extrémiste, mais que je sais quels sont les hommes qui

204 1077 1513 102 voulaient la guerre, tandis que le Kaiser lui, commettait le

196 1154 1576 123 folie de la déchaîner ; ces mêmes hommes la voudront encore et

196 1241 1476 122 ce sont eux qui nous préparent la révolution et le désastre

198 1320 269 83 universels.

949 1459 717 113 Votre affectueusement dévoué,

981 1557 678 158 ££ ££ ££

64 1779 1143 132 à Monsieur le Président Nicholas Murray BUTLER,

565 1888 239 106 NEW-YORK.
