1920 2560
957.0 98.0 173.0 106.0 - 19 -

243.0 219.0 1613.0 186.0 ou de la graisse d'oie. Car il y a aussi des confits d'oie ; mais

247.0 281.0 1645.0 224.0 ne parlons que des rillettes. Que je vous plains, mon pauvre Butler,

249.0 369.0 1615.0 204.0 de n'avoir pas été avec moi pour les goûter ! Ce n'était d'ailleurs

243.0 454.0 1529.0 196.0 qu’un hors d’œuvre,après lequel, non pas au hasard ou dans une

241.0 537.0 1465.0 194.0 accumulation d’autres plats, apparait fumante et toute seule,

224.0 612.0 1504.0 198.0 l’omelette traditionnelle, aux herbes, aux champignons, je ne

209.0 693.0 1595.0 215.0 sais plus, mais telle enfin qu'avec du bon pain, ni dur ni frais,

219.0 780.0 1560.0 201.0 nous n'en avons laissé sur le plat que juste la part du chauffeur

209.0 864.0 1531.0 192.0 lequel faisait comme nous le même repas dans l'autre salle avec

219.0 945.0 1543.0 196.0 un gars de la maison et la cuisinière. Après l’omelette, pas de

202.0 1026.0 1517.0 194.0 vin; les oeufs en gâteraient le goût, mais vite un plat fumant

198.0 1100.0 1483.0 197.0 lui aussi, odorant, saupoudré de fines herbes du jardin et de

200.0 1184.0 1592.0 202.0 beurre bien frais, non encore pondu. Qu'est-ce donc? Tout simple-

183.0 1262.0 1519.0 197.0 ment quelques filets de boeuf.- Et ici encore même impuissance

177.0 1341.0 1568.0 203.0 à vous décrire ce qu'on entend par un filet de boeuf, bien choisi,

168.0 1418.0 1481.0 199.0 d'abord, d'un oeil exercé, chez un boucher de confiance, puis

177.0 1495.0 1467.0 198.0 bien cuit, ni trop cuit ni trop peu, sur un feu vif, présenté

162.0 1585.0 1514.0 189.0 sur un plat bien chaud, et n’attendent qu’un couteau bien tran-

177.0 1657.0 1546.0 209.0 chant pour vous révéler ses vertus. Le voilà rose, non pas rouge,

174.0 1740.0 1511.0 190.0 et si parfumé que vous l’avez déjà jugé du regard et de l'odorat

160.0 1811.0 1512.0 194.0 avant d'y avoir goûté. Mais ce filet, je me renseigne, ce n’est

151.0 1883.0 1474.0 194.0 pas tout ; il faut donc n'en manger qu’un peu,- et tout de même

134.0 1964.0 1498.0 197.0 encore un peu et un peu encore, mais pas trop, car il est suivi

132.0 2039.0 1480.0 190.0 d'un gigot de mouton, encore agneau, dont il faut que je fasse

123.0 2120.0 1515.0 186.0 connaissance, paraît-il. Il est précédé d’un verre de vin rouge

128.0 2184.0 1529.0 203.0 vieux, accompagnement classique des viandes fortes, et d’un verre
