1920 2560
983 104 154 92 - 7 -

332 249 1496 135 à cheval sur les traditions monarchiques que leurs ancêtres

326 339 392 104 n'existent pas.

753 608 1096 106 Quelqu'un, parlant de cette nouvelle chambre

334 678 1534 119 d’après guerre, confirme ce que j'ai pensé tout de suite ; elle

315 763 1541 124 rappelle la fameuse "Chambre introuvable", celle de la Terreur

315 840 1600 132 Blanche, contre laquelle les libéraux de la Restauration combat-

317 925 1517 124 tirent si glorieusement, avec des chefs qui s'appelaient alors

315 1011 1438 126 La Fayette, mon grand'oncle Benjamin Constant, le Général

324 1090 320 96 Foy, etc.....

725 1186 1116 119 On a dit aussi ; c’est une chambre des Pairs

317 1258 280 90 ressuscitée.

744 1348 1065 121 Voyez, d'ailleurs, tous les journaux qui ont

300 1416 1428 130 formé le bloc de droite, depuis le GAULOIS, le "FIGARO",

309 1506 1483 130 l''ECHO de PARIS", l''ACTION FRANCAISE". "LA CROIX", jusqu'au

320 1597 1506 116 "TEMPS", malheureusement et jusqu’aux "DEBATS", tous s’applau-

302 1676 1413 133 dissent, comme d’un triomphe, du résultat, désastreux pour

290 1755 616 105 la France, des élections.

723 1856 1037 108 Ce que durera ce succès ? Encore une fois,

290 1917 1418 124 attendons. Un ministère de gauche très-modérée, ne pouvant

305 2001 1487 121 vivre que par l’appui de la droite, va se former, à la grande

300 2069 1438 130 joie de M. Poincaré qui s’imaginera tromper une fois de plus

298 2152 1485 124 l'opinion. On parle d’un ministère Millerand ; si Clemenceau,

294 2229 1427 119 qui est artiste, décide de finir en beauté et de se retirer
