1920 2560
945 64 145 87 - 8 -

241 194 1499 155 dans sa gloire......... avant les élect ions à la Présidence

249 296 617 122 de la République........

674 401 1100 123 En fait, on aura abusé des deuils, des souf-

234 473 1519 137 frances, des ruines du pays pour le précipiter plus avant à

230 556 222 103 l'abîme.

657 648 1071 122 Souvent la peur d'un mal nous conduit dans

226 727 1587 134 un pire ; la peur du bolchevisme nous a conduits à la réaction;

238 810 1504 139 or la réaction a toujours été, est et sera toujours égoiste,

224 900 1420 124 anti-sociale, protectionniste et xénophobe ; en d’autres

215 981 1485 128 termes, nous voilà, au lendemain de la guerre, orientés de

224 1070 1570 124 nouveau et plus que jamais vers la guerre. A moins que, d'ici

204 1149 1532 124 deux ou trois ans, l'opinion finisse par se ressaisir. Nous

213 1233 1544 130 aurons à l'y aider sans tomber d’un extrême à l’autre. C'est

224 1318 1512 126 toute notre œuvre d'éducation à recommencer. Et cela, sans

204 1403 1472 137 savoir ce que nous réserve le Nouveau Monde encore presque

206 1489 1165 85 vierge, il y a cinq ans, et maintenant .......

642 1774 1060 94 Je ne vous ai pas dit assez quelle mauvaise

200 1838 1515 114 impression ont produite les grèves sur les esprits, notamment

213 1926 1534 109 en province et dans nos campagnes, à la veille de ces élections

217 2005 1504 107 survenant sans préparation, sans explications, pourtant indis-

200 2090 1397 100 pensables après cinq années de guerre, et sous un régime

204 2165 1451 113 incompréhensible , machiné€es€ au profit de la réaction et du

192 2254 228 79 mensonge.
