1920 2560
902.0 134.0 139.0 87.0 - 2 -

230.0 302.0 1425.0 124.0 échanges de conversations insipides, ce spectacle enchanteur

256.0 386.0 1408.0 121.0 "une nature toujours la même et jamais la même, comme l'eau

230.0 460.0 1549.0 137.0 courante, comme la vie : une nature qui vous parle comme un regard,

224.0 544.0 1512.0 123.0 sans dire un mot ; une nature qui vous a connu tout enfant, vous

213.0 616.0 1480.0 128.0 reconnaît, vous encourage de sa persistance inlassable et vous

206.0 697.0 1120.0 120.0 sourit, quand tout en vous est près de pleurer.

631.0 791.0 1015.0 113.0 Ah que je plains les êtres qui voient vite,

202.0 846.0 1444.0 135.0 lisent vite, et traversent le monde des choses et des idées à

213.0 934.0 1547.0 134.0 toute vapeur. La France mérite d'être visitée, à petites journées.

603.0 1026.0 1135.0 111.0 Donc je suis parti, après de nombreuses tournées

202.0 1083.0 1536.0 133.0 préparatoires, et des lettres et des télégrammes échangés, méticu-

209.0 1164.0 1551.0 135.0 leusement, suivant l'itinéraire que voici et dont je ne me suis pas

202.0 1237.0 1462.0 130.0 écarté d'un kilomètre. Je suis parti de Créans, mon auto pleine

200.0 1320.0 1459.0 126.0 de bidons d’essence, (- on n'en trouve pas dans le pays-) et de

206.0 1395.0 1432.0 119.0 pneus et d'huile et de chambres à air, et de couvertures et de

189.0 1472.0 1436.0 121.0 caoutchouc, par un temps maussade et, par extraordinaire, très

189.0 1544.0 1457.0 126.0 froid le Samedi matin 27 Septembre. De la douce vallée du Loir

192.0 1625.0 1388.0 122.0 je suis passé dans le bassin plus important de la Sarthe, en

185.0 1700.0 1438.0 124.0 commençant par Malicorne où m’attendaient, à l’heure dite, des

177.0 1770.0 1493.0 128.0 amis fidèles et sûrs ; puis, suivant la rivière, je me suis arrê-

192.0 1838.0 1378.0 133.0 té à Noyen, foyer d'autres amis fidèles et sûrs, mais que je

168.0 1926.0 1389.0 115.0 n'avais pour ainsi dire pas revus depuis la guerre. Ils ont

177.0 1994.0 1418.0 120.0 changé, comme moi sans doute, de visage mais non de coeur ; un

170.0 2075.0 1442.0 109.0 regard heureux de se revoir nous fixe les uns et les autres sur

168.0 2144.0 1421.0 125.0 l’avenir, après cette horrible guerre. On est toujours là, on
