1920 2560
136 189 230 39 SENAT

729 164 322 68 LETTRE N° 585.

1083 320 636 93 Paris, le 13 novembre 1919.

480 507 1013 101 LE MECANISNE de la CALOMNIE INTERNATIONALE -

403 563 1314 121 (A propos de la LÉGENDE de l'OFFENSIVE du 16 avril 1917)

866 793 354 77 Mon cher Butler,

497 936 1284 100 Je ne me lasserai pas de démonter devant vous, pièce à

315 1009 1477 111 pièce, l’infernal mécanisme de la diffamation internationale. €C€

322 1092 1412 98 Cela devient si simple que la conscience de tous les gens de

315 1169 1477 106 bonne foi finira par se révolter contre cet empoisonnement sys-

315 1239 1387 109 tématique de l’opinion, empoisonnement plus criminel et plus

320 1322 827 94 funeste que celui de€s€ l’alcolisme.

494 1399 1293 109 A beau mentir qui vient de loin, dit, avec raison, notre

313 1478 1436 98 vieux proverbe français, une calomnie nationale est assez vite

311 1550 1431 107 usée et percée à jour, si elle reste à la portée des vérifica-

300 1632 1425 102 tions nationales. Il n'en est pas de même si elle est importée

315 1706 1393 100 de l'étranger. XXXXXXX Alors elle/arrive avec une apparence

300 1779 1451 113 d’universalité plus impressionnante. Elle semble tomber de plus

309 1856 390 85 haut, de partout.

480 1934 1280 103 Mais comment s’organise cette importation? Spontanément?

320 2005 1427 107 Non, bien entendu. Elle est provoquée, patiemment organisée par

296 2082 1374 117 les calomniateurs nationaux en quête de renfort et de crédit.

27 2205 947 122 à Monsieur le Président N. Murray BUTLER

352 2312 179 77 NEW YORK
