1920 2560
930.0 66.0 170.0 85.0 - 24 -

194.0 174.0 1651.0 178.0 la guerre, vos officiers ont eu l'intelligente initiative de faire

181.0 270.0 1559.0 148.0 visiter nos fermes, dans cette région, par leurs hommes et ces

192.0 358.0 1632.0 160.0 visites ont eu, me dit-on, les meilleurs effets. De La Ferté, je

198.0 443.0 1572.0 143.0 suis allé à Montmirail, le bien nommé. De là encore, des ruines

202.0 522.0 1549.0 150.0 d'un de ces vieux châteaux qui furent si nombreux et finalement

194.0 610.0 1576.0 147.0 si détestés, comme des nids d'aigles, on domine des vallées, des

185.0 695.0 1600.0 147.0 jardins, des bois ; et, comme les seigneurs d'autrefois, la popu-

179.0 776.0 1581.0 143.0 lation s'est fait là une vie d'isolement relatif, assez loin des

177.0 859.0 1563.0 145.0 grands centres pour rester elle-même. La fidélité du canton de

177.0 942.0 1600.0 148.0 Montmirail à nos idées est inébranlable, encore que ses meilleurs

170.0 1026.0 1553.0 147.0 représentants, mes amis le Député Laroche et le Sénateur le Che-

177.0 1105.0 1597.0 149.0 valier, aient malheureusement disparu. De Montmirail, je suis re-

177.0 1188.0 1572.0 158.0 descendu dans le pays ; je me croyais en aéroplane, en vol plané,

174.0 1267.0 1530.0 141.0 glissant en silence vers l'horizon infini des douces plaines et

174.0 1346.0 1586.0 153.0 des collines boisées ; c’était une succession de plans très XXXX

164.0 1429.0 1512.0 143.0 verts d'abord, puis d'un ton plus doux, plus fin, plus éloigné,

162.0 1506.0 1534.0 153.0 jusqu’au bleu ; et mon auto descendait si vite qu’elle semblait

164.0 1582.0 510.0 107.0 plonger dans ce bleu.

590.0 1681.0 1138.0 130.0 A Montmirail, j'avais trouvé des amis, des popu-

151.0 1736.0 1540.0 149.0 lations tout à fait pénétrées des mêmes sentiments qu’à Mamers. a

160.0 1815.0 1531.0 149.0 Vibraye où j'arrive ensuite, c’est l’arrondissement de St-Calais,

151.0 1883.0 1540.0 160.0 séparé de son voisin par une grande forêt que je traverse. C'est

142.0 1969.0 1549.0 153.0 un autre esprit, d'autres gens, plus raisonneurs peut-être, comme

136.0 2037.0 1542.0 162.0 leurs voisins tourangeaux ; la nuit m'est pas encore tombée quand
