1920 2560
923.0 76.0 160.0 92.0 - 6 -

689.0 228.0 1117.0 121.0 Il ne restait donc à Fresnay pour me recevoir

236.0 296.0 1528.0 132.0 qu’une toute jeune femme de 25 ans, et c'est en arrivant chez

228.0 386.0 1628.0 143.0 elle que je connus la situation. J'allais m'excuser, mais je m’ar-

219.0 462.0 1598.0 146.0 rêtais devant l'activité de la maison où les serviteurs nombreux

230.0 550.0 1591.0 139.0 rangeaient les voitures, les caisses, sortaient ou rentraient les

209.0 625.0 1638.0 151.0 chevaux ; je m’arrêtais devant le cordial accueil de la jeune veuve

211.0 721.0 1478.0 119.0 si heureuse de recevoir une visite amie. Et cependant je me

215.0 776.0 1572.0 154.0 demandais ce que serait pour elle, pour mol, la XXXXXXXXX soirée

211.0 881.0 1549.0 128.0 qui m'attendait en tête à tête avec cette personne si gracieuse

211.0 966.0 1566.0 132.0 dans cette maison vide. Et là encore je recus, en pleine figure,

209.0 1043.0 1557.0 128.0 le démenti que méritait ma défiance d'ancien diplomate. Pendant

211.0 1120.0 1578.0 130.0 que mon chauffeur et les serviteurs se mettaient à table dans une

200.0 1203.0 1466.0 126.0 grande salle de cuisine,un élégant diner m’attendait dans la

198.0 1290.0 1542.0 120.0 salle à manger des maîtres. Trois couverts seulement, celui de

189.0 1367.0 1560.0 128.0 la jeune veuve, le mien et celui de sa petite fille de cinq ans,

202.0 1446.0 1540.0 119.0 née un mois après la mort de son père. Et alors cette conversa-

194.0 1525.0 1557.0 121.0 tion qui pouvait être contrainte fut si naturelle que je me trou-

187.0 1600.0 1555.0 128.0 vai confondu. La jeune femme, répondant à mes questions sur tout

187.0 1687.0 1519.0 115.0 ce qui s'était passé, me raconta très simplement et sans larmes

181.0 1762.0 1542.0 119.0 sans rien qui pût forcer la compassion, ses épreuves ; puis elle

177.0 1847.0 1542.0 107.0 me dit toutes les XXXXXXX difficultés de son grand commerce, si

185.0 1922.0 1496.0 106.0 grand pour une enfant presque, quand elle était obligée de rem-

174.0 1998.0 1477.0 111.0 placer son beau-père, son mari, ses voyageurs mêmes et de par-

177.0 2084.0 1523.0 92.0 courir, en toute saison, le pays, suivant l'habitude, pour aller

174.0 2152.0 1415.0 94.0 trouver les clients. Elle ajouta qu'elle (n)e se faisait pas

183.0 2218.0 1481.0 100.0 illusion, qu’il lui faudrait vendre sa maison, trop lourde pour

168.0 2306.0 1489.0 98.0 une femme seule, mais qu'elle avait voulu attendre la fin de la
