1920 2560
864 181 121 53 - 2 -

290 324 1540 94 vilipendé, menacé, boycotté quand il XXXX n’est pas assassiné.

298 418 1491 81 En attendant, et pour l’habituer sans doute à son sort futur,

311 494 1449 88 il commence par servir de cible aux jaloux et aux imbéciles.

300 576 1534 87 Suivre le courant établi, tel est le moyen de vivre tranquille.

488 657 1269 85 Les novateurs qui devraient s’entendre sont les plus

307 742 1536 77 ardents à s’entre-combattre : XXXX chacun d’eux est la cible pour

298 823 1442 81 l'autre. La France serait trop grande si chacun de ses bons

313 902 1566 83 citoyens voulait coopérer avec les autres. Une émulation créatrice

302 979 1470 89 se substituerait à nos rivalités destructives. Ce serait trop

320 1062 1568 92 beau! Contentons-nous de ce que nous sommes et continuons de jouer

311 1145 329 75 la difficulté.

501 1213 1273 94 XX C'est ainsi qu’en Seine-et-Marne les deux listes,

313 1299 1361 83 celle de Tardieu, (de concentration à droite ) et celle de

326 1382 1408 85 Francklin-Bouillon (de concentration à gauche) échangent des

320 1457 1484 91 coups formidables. Vous saurez par le télégraphe les résultats.

505 1536 1289 87 Dans la Sarthe, la lutte est simplifiée, Caillaux étant

315 1610 1398 96 en prison et moi au Sénat, ce qui est presque la XXXX même

320 1691 974 92 chose au cours d’une élection législative.

505 1772 1329 90 A Paris, Painlevé, Ferdinand Buisson ont contre eux, avec

334 1847 1432 87 les Socialistes Extrémistes, une soi-disant union républicaine

328 1924 1363 85 où il ne manque que des républicains, mais les candidats de

326 1996 1410 90 droite profitent de la diversion socialiste et des grèves que

332 2073 1442 90 XXXXXX rejettent de leur côté les timorés toujours nombreux.

759 2152 670 90 Votre affectueusement dévoué

89 2242 928 100 à Monsieur le Président N. Murray BUTLER

1181 2229 391 111 ££

317 2333 205 96 NEW YORK
