1920 2560
819.0 119.0 202.0 109.0 - 28 -

100.0 324.0 1555.0 149.0 devais parler, le vendredi 10, il me fallait être au Mans où se

121.0 260.0 1592.0 181.0 à la discussion du Traité de paix : malheureusement le jour où je

98.0 409.0 1534.0 143.0 les délégués de tous les républicains du Département. Réunion

113.0 364.0 1544.0 162.0 réunissaient, en Congrès, pour la première fois depuis la guerre,

108.0 452.0 1526.0 138.0 importante, unique. Il s'agissait d'y désigner les cinq candi-

104.0 535.0 1613.0 149.0 législatives imminentes. O surprise ! M. Caillaux, dont quelques

106.0 494.0 1560.0 139.0 dats appelés à former la liste républicaine en vue des élections

104.0 578.0 1455.0 140.0 infidèles réclamaient l'élimination, a éte élu. Il a obtenu

89.0 706.0 1570.0 130.0 pour les populations qui n'ont pas voulu qu'il fût condamné sans

91.0 654.0 1528.0 135.0 165 voix sur 280 votants. C'est un beau succès et pour lui et

89.0 746.0 1519.0 120.0 jugement. Acceptera-t-il cette candidature ? C'est une autre

96.0 793.0 1538.0 117.0 question. Mais la manifestation est ce qu'il fallait souhaiter

102.0 874.0 1517.0 111.0 à temps pour prendre part a la fin de la discussion du Sénat et

106.0 829.0 1624.0 143.0 pour l'acquit de notre conscience. Je suis rentré aussitôt à Paris,

100.0 947.0 220.0 89.0 lettre.

100.0 913.0 1525.0 130.0 au vote du Traité de paix, dont je vous parlerai duns une autre

996.0 1024.0 109.0 110.0 d'E
