1920 2560
889 121 354 130 LETTRE N° 599.

209 277 234 115 SENAT

1092 443 633 88 CREANS, 13 Décembre 1919.

659 672 697 89 SUITE DU BILAN DE LA GUERRE .

985 910 363 122 Mon cher Butler,

750 1098 986 107 Tandis que nous voyons, depuis la guerre,

241 1162 1476 120 doubler les salaires des ouvriers, tandis que seuls les revenus

230 1252 1451 117 des petits rentiers, - les nouveaux pauvres, - n’augmentent pas

232 1329 1400 104 tandis que les cultivateurs triplent ou quadruplent les prix

224 1403 1491 107 de tous les produits de la vie, il a bien fallu songer à élever

232 1484 1487 109 aussi les traitements des fonctionnaires ; et c’est ce que l'Etat

241 1559 160 79 a fait.

753 1640 949 102 Mais il n'y a pas que l'administration de

230 1706 1359 109 l'Etat ; il y a, en outre,-sans parler des administrations

241 1792 1476 104 privées,- celle des départements et celle des communes ; et natu-

230 1862 1434 107 rellement les fonctionnaires de chacune de ces administrations

241 1943 1440 109 distinctes ne peuvent admettre, et nul ne peut admettre, qu'ils

238 2011 1483 122 essaient de vivre tant bien que mal sous un régime d’infériorité.

113 2178 1079 111 à Monsieur le Président Nicholas Murray BUTLER.
