1920 2560
851.0 44.0 192.0 84.0 - 12 -

155.0 192.0 1536.0 121.0 moins de 5.000 frs, paie tant de frais de port, de douane, de

160.0 277.0 1664.0 134.0 change, et autres pour entrer en France qu'on vend les pareilles en France

170.0 366.0 1604.0 107.0 plus de 20.000 frs, 23 à 25.000 frs et encore plus. Constatation

164.0 441.0 1491.0 111.0 écrasante. Voilà donc tout producteur français payant, sans

149.0 531.0 1608.0 104.0 parler des impôts dont nous ne pouvons même pas encore évaluer le

147.0 614.0 1659.0 111.0 chiffre, avec un budget de dépenses quadruplé, dépassant 22 milliards

155.0 689.0 1483.0 104.0 par an, au lieu de 6 ; voilà donc tout Français qui voudrait

153.0 772.0 1562.0 111.0 lutter, travailler, acheter et vendre et faire circuler ses pro-

160.0 859.0 1493.0 105.0 duits, obligé de payer cinq fois plus cher que son concurrent

155.0 923.0 1553.0 118.0 américain l'instrument de circulation le plus courant aux Etats-

160.0 1011.0 1504.0 111.0 Unis, le plus rare relativement chez nous, l’automobile. Cela

162.0 1100.0 1491.0 103.0 dit tout. La France ainsi est condamnée par toute la suite de

164.0 1188.0 1566.0 104.0 ses guerres, et par la dernière plus encore, à un surmenage crois-

138.0 1256.0 1617.0 120.0 sant. Ce surmenage a été sans doute et stimulant pour sa généreuse

1036.0 1265.0 75.0 49.0 ££

153.0 1337.0 1543.0 113.0 ambition et un €stimulant€ de misère. Elle est devenue, comme on

497.0 1322.0 236.0 49.0 ££

136.0 1414.0 1496.0 113.0 dit chez nous, plus dure au mal, plus rustique, plus éprouvée.

145.0 1493.0 1510.0 111.0 Mais réfléchissez qu’en se réduisant à des besognes matérielles

136.0 1576.0 1528.0 109.0 trop rudes et à des méthodes trop arriérées, en marchant à pied,

140.0 1653.0 1568.0 107.0 quand ses concurrents circulent en automobile, elle double, triple

132.0 1721.0 1553.0 113.0 quadruple son effort pour un résultat beaucoup moindre ; elle n'a

136.0 1800.0 1528.0 120.0 plus le temps d’instruire sa jeunesse ; elle la brûle en appren-

132.0 1883.0 1512.0 107.0 tissage précoce et hâtif, en travaux manuels ; elle se condamne,

128.0 1954.0 1446.0 108.0 dans le mouvement universel, à une course de lenteur avec des

130.0 2033.0 1534.0 104.0 facultés et une expérience sans égales, elle se prive de l'éduca-

130.0 2107.0 1480.0 109.0 tion dont elle profiterait mieux que tous pour le bien de tous;

138.0 2167.0 1494.0 117.0 elle s'épuise enfin. Je vois sur ces jolies routes de la Sarthe

138.0 2250.0 1528.0 115.0 ou j'ai le loisir de penser, je vois sur ces routes précieuses que
