1920 2560
942 268 327 113 LETTRE N° 603.

142 450 242 132 SENAT

473 531 324 77 Personnelle et

471 593 367 104 Confidentielle.

1184 701 576 113 PARIS, 16 Décembre 1919.

883 902 354 100 Mon cher Butler,

573 1045 1137 102 Je reviens sur la lettre par laquelle je vous ai

264 1111 1553 107 fait part de l'intention qu’aurait Hanoteaux d’aller faire aux Etats-

249 1203 1517 100 Unis, le printemps prochain, d’accord avec vous, une visite de la

251 1277 1449 101 gratitude française. Il désire que cette visite soit aussi bien

247 1350 1385 107 préparée que celle de 1912 l’avait été mal ; c'est pourquoi,

256 1433 1399 94 instruit par l’expérience, c’est à vous qu’il veut s’adresser

260 1506 1463 102 cette fois. Mais, au préalable, il m'a prié de vous pressentir

266 1585 1316 104 afin de savoir si son projet concorderait avec les vôtres.

565 1659 1145 105 Je vous prie de ma répondre par une lettre que je

266 1728 538 98 pourrai lui communiquer.

1179 1853 529 118 Affectueusement à vous,

1032 1932 459 162 ££

106 2112 1039 121 à Monsieur le Président Nicholas Murray BUTLER,

582 2203 205 109 NEW-YORK.
