1920 2560
930 72 151 96 - 4 -

640 217 1088 135 mais c’est ainsi, la guerre n’a pas fini de

219 324 715 109 porter ses funestes fruits.

616 633 1171 113 Dans la Sarthe, les républicains et les socia-

230 710 1517 111 listes ont été en majorité, mais leurs adversaires, bien que

204 795 1492 118 moins nombreux, ont réussi à conquérir les deux sièges que

206 893 1436 105 l'emprisonnement de M. Caillaux et la mort de M. Laroche

213 977 1538 104 laissaient vacants. En fait, ils ont quatre sièges sur cinq

204 1053 1515 107 et le cinquième est assez douteux. Ils ont bénéficié aussi

211 1139 1549 104 d’un nombre considérable d’abstentions ; beaucoup d’électeurs

202 1220 1555 98 ayant préféré ne pas voter plutôt que de subir l’interdiction

221 1309 1549 103 de voter comme ils l'eussent voulu. En sorte qu'en totalisant

219 1386 1509 105 les abstentions très nombreuses, les voix des socialistes et

224 1469 1527 101 celles des républicains, on constate que le département de la

224 1550 1531 122 Sarthe est devenu plus républicain alors que sa représentation

221 1634 414 96 cesse de l'être.

642 1721 1094 111 Beau résultat de la réforme électorale et de

206 1794 259 96 la guerre.

953 1892 715 94 Votre affectueusement dévoué

979 1960 612 126 £d'Estournelles de Constant£

17 2082 138 87 P.S,-

238 2114 1549 96 Je vous envoie ci-joint pour compléter ma correspondance anté-

228 2176 1549 74 rieure un exemplaire de ma profession de foi pour les élections

211 2218 1435 71 municipales du 30 Novembre et une de mes affiches pour les

224 2250 1516 120 élections cantonales du 14 Décembre. ££

14 2316 1161 92 à Monsieur le Président Nicholas Murray BUTLER,

27 2404 56 49 ££

537 2374 218 70 NEW-YORK

32 2440 243 75 2 annexes.
