<?xml version="1.0" encoding="UTF-8"?>
<alto xmlns:xsi="http://www.w3.org/2001/XMLSchema-instance"
      xmlns="http://www.loc.gov/standards/alto/ns-v4#"
      xsi:schemaLocation="http://www.loc.gov/standards/alto/ns-v4# http://www.loc.gov/standards/alto/v4/alto-4-2.xsd">
  <Description>
    <MeasurementUnit>pixel</MeasurementUnit>
    <sourceImageInformation>
      <fileName>FRAD072_12J387_lettre0562_011.jpg</fileName>
      
    </sourceImageInformation>
  </Description>
  
  <Layout>
    <Page WIDTH="1753"
          HEIGHT="2197"
          PHYSICAL_IMG_NR="80"
          ID="eSc_dummypage_">
      <PrintSpace HPOS="0"
                  VPOS="0"
                  WIDTH="1753"
                  HEIGHT="2197">
        

        
        <TextBlock ID="eSc_dummyblock_">
          
          
          <TextLine ID="eSc_line_289ba27f"
                    
                    BASELINE="914 206 964 209" 
                    HPOS="908.0"
                    VPOS="177.0"
                    WIDTH="55.0"
                    HEIGHT="59.0">
            <Shape><Polygon POINTS="912 205 908 232 959 236 963 208 961 183 912 177 912 205"/></Shape>
	    <String CONTENT="11"
                    HPOS="908.0"
                    VPOS="177.0"
                    WIDTH="55.0"
                    HEIGHT="59.0"></String>
          </TextLine>

          
          
          <TextLine ID="eSc_line_a97e7822"
                    
                    BASELINE="628 410 1074 413" 
                    HPOS="624.0"
                    VPOS="366.0"
                    WIDTH="449.0"
                    HEIGHT="69.0">
            <Shape><Polygon POINTS="626 408 624 422 857 435 859 435 1071 426 1073 411 1073 378 958 367 956 367 954 367 932 377 928 378 915 377 848 366 846 366 789 377 783 377 626 377 626 408"/></Shape>
	    <String CONTENT="Et ily a là peut-être"
                    HPOS="624.0"
                    VPOS="366.0"
                    WIDTH="449.0"
                    HEIGHT="69.0"></String>
          </TextLine>

          
          
          <TextLine ID="eSc_line_50cfcf19"
                    
                    BASELINE="390 608 751 605" 
                    HPOS="386.0"
                    VPOS="565.0"
                    WIDTH="363.0"
                    HEIGHT="66.0">
            <Shape><Polygon POINTS="388 607 388 627 747 631 749 604 747 578 710 567 708 567 707 567 705 567 672 576 666 578 664 576 653 567 652 567 650 567 648 567 646 567 624 576 619 578 615 576 595 565 593 565 591 565 472 571 470 571 468 571 465 574 457 580 386 574 388 607"/></Shape>
	    <String CONTENT="Duc de Malborough"
                    HPOS="386.0"
                    VPOS="565.0"
                    WIDTH="363.0"
                    HEIGHT="66.0"></String>
          </TextLine>

          
          
          <TextLine ID="eSc_line_4af57edc"
                    
                    BASELINE="770 539 949 539" 
                    HPOS="769.0"
                    VPOS="507.0"
                    WIDTH="179.0"
                    HEIGHT="60.0">
            <Shape><Polygon POINTS="769 538 769 567 948 560 948 538 947 507 769 507 769 538"/></Shape>
	    <String CONTENT="Et c&#39;est"
                    HPOS="769.0"
                    VPOS="507.0"
                    WIDTH="179.0"
                    HEIGHT="60.0"></String>
          </TextLine>

          
          
          <TextLine ID="eSc_line_7f6f3070"
                    
                    BASELINE="927 1045 1517 1057" 
                    HPOS="925.0"
                    VPOS="1012.0"
                    WIDTH="591.0"
                    HEIGHT="79.0">
            <Shape><Polygon POINTS="926 1043 925 1069 961 1082 963 1082 965 1082 1005 1074 1014 1082 1014 1083 1016 1083 1018 1083 1150 1085 1152 1085 1154 1085 1179 1076 1293 1089 1295 1089 1296 1089 1329 1080 1348 1091 1350 1091 1351 1091 1353 1091 1514 1082 1516 1056 1514 1032 926 1012 926 1043"/></Shape>
	    <String CONTENT="Votre affectueusement dévoué,"
                    HPOS="925.0"
                    VPOS="1012.0"
                    WIDTH="591.0"
                    HEIGHT="79.0"></String>
          </TextLine>

          
          
          <TextLine ID="eSc_line_ef6db0d5"
                    
                    BASELINE="154 1280 1558 1287" 
                    HPOS="152.0"
                    VPOS="1243.0"
                    WIDTH="1405.0"
                    HEIGHT="69.0">
            <Shape><Polygon POINTS="153 1279 152 1307 1553 1312 1557 1285 1555 1259 1225 1259 1223 1257 1201 1246 1199 1246 1197 1246 939 1255 926 1255 925 1255 892 1244 890 1244 888 1244 752 1255 738 1255 734 1255 703 1244 701 1244 699 1244 619 1252 582 1243 580 1243 578 1243 153 1252 153 1279"/></Shape>
	    <String CONTENT="P.S.,- A mon passage à Paris, j&#39;ai vu naturellement Léon Bourgeois,"
                    HPOS="152.0"
                    VPOS="1243.0"
                    WIDTH="1405.0"
                    HEIGHT="69.0"></String>
          </TextLine>

          
          
          <TextLine ID="eSc_line_09dd2a1b"
                    
                    BASELINE="314 1312 1608 1331" 
                    HPOS="311.0"
                    VPOS="1281.0"
                    WIDTH="1295.0"
                    HEIGHT="62.0">
            <Shape><Polygon POINTS="313 1310 311 1325 1602 1343 1606 1329 1606 1298 313 1281 313 1310"/></Shape>
	    <String CONTENT="mais je n&#39;ai pu trouver, dans ma hâte de repartir pour la Sarthe,"
                    HPOS="311.0"
                    VPOS="1281.0"
                    WIDTH="1295.0"
                    HEIGHT="62.0"></String>
          </TextLine>

          
          
          <TextLine ID="eSc_line_a150877e"
                    
                    BASELINE="311 1337 1615 1359" 
                    HPOS="307.0"
                    VPOS="1310.0"
                    WIDTH="1306.0"
                    HEIGHT="70.0">
            <Shape><Polygon POINTS="602 1316 584 1316 577 1314 509 1314 492 1314 474 1314 456 1314 443 1312 408 1312 401 1312 382 1312 364 1312 346 1312 327 1312 326 1310 309 1310 309 1336 307 1360 1610 1380 1613 1358 1611 1334 609 1316 602 1316"/></Shape>
	    <String CONTENT="M. Pichon.- Je ne me fais d&#39;ailleurs aucune illusion sur le prix"
                    HPOS="307.0"
                    VPOS="1310.0"
                    WIDTH="1306.0"
                    HEIGHT="70.0"></String>
          </TextLine>

          
          
          <TextLine ID="eSc_line_435d50d6"
                    
                    BASELINE="317 1378 1555 1393" 
                    HPOS="315.0"
                    VPOS="1352.0"
                    WIDTH="1238.0"
                    HEIGHT="55.0">
            <Shape><Polygon POINTS="316 1376 315 1395 1549 1407 1553 1391 1551 1367 316 1352 316 1376"/></Shape>
	    <String CONTENT="qu&#39;on peut attacher à mes efforts au Quai d&#39;Orsay; je me suis"
                    HPOS="315.0"
                    VPOS="1352.0"
                    WIDTH="1238.0"
                    HEIGHT="55.0"></String>
          </TextLine>

          
          
          <TextLine ID="eSc_line_a06782dc"
                    
                    BASELINE="314 1419 1608 1431" 
                    HPOS="311.0"
                    VPOS="1385.0"
                    WIDTH="1295.0"
                    HEIGHT="59.0">
            <Shape><Polygon POINTS="313 1418 311 1429 1602 1444 1606 1429 1604 1402 313 1385 313 1418"/></Shape>
	    <String CONTENT="donc borné à écrire à notre ministre la lettre sommaire également"
                    HPOS="311.0"
                    VPOS="1385.0"
                    WIDTH="1295.0"
                    HEIGHT="59.0"></String>
          </TextLine>

          
          
          <TextLine ID="eSc_line_b5d02111"
                    
                    BASELINE="305 1447 1568 1463" 
                    HPOS="302.0"
                    VPOS="1417.0"
                    WIDTH="1265.0"
                    HEIGHT="58.0">
            <Shape><Polygon POINTS="798 1424 780 1424 762 1424 752 1422 683 1422 670 1422 652 1422 633 1422 615 1422 597 1422 578 1422 560 1422 542 1422 523 1420 505 1420 487 1420 468 1420 450 1420 432 1420 413 1420 395 1420 377 1420 359 1420 340 1420 322 1420 320 1417 304 1417 304 1446 302 1459 1564 1475 1567 1462 1567 1435 809 1424 798 1424"/></Shape>
	    <String CONTENT="ci-jointe en copie. Elle n&#39;a rien de confidentiel pour/vous; il"
                    HPOS="302.0"
                    VPOS="1417.0"
                    WIDTH="1265.0"
                    HEIGHT="58.0"></String>
          </TextLine>

          
          
          <TextLine ID="eSc_line_66bec4d7"
                    
                    BASELINE="314 1485 1668 1500" 
                    HPOS="311.0"
                    VPOS="1455.0"
                    WIDTH="1355.0"
                    HEIGHT="55.0">
            <Shape><Polygon POINTS="313 1484 311 1495 1663 1510 1666 1499 1665 1466 313 1455 313 1484"/></Shape>
	    <String CONTENT="est même nécessaire que vous soyez au courant de ce que vous faisons"
                    HPOS="311.0"
                    VPOS="1455.0"
                    WIDTH="1355.0"
                    HEIGHT="55.0"></String>
          </TextLine>

          
          
          <TextLine ID="eSc_line_4efe773d"
                    
                    BASELINE="308 1519 1618 1532" 
                    HPOS="305.0"
                    VPOS="1484.0"
                    WIDTH="1312.0"
                    HEIGHT="57.0">
            <Shape><Polygon POINTS="655 1490 653 1488 544 1488 527 1488 509 1488 490 1488 479 1486 424 1486 417 1486 399 1486 381 1486 362 1486 344 1486 326 1486 324 1484 307 1484 307 1517 305 1528 1613 1541 1617 1530 1615 1504 663 1490 655 1490"/></Shape>
	    <String CONTENT="à Paris pour le succès d&#39;une coopération vraiment sérieuse de nos"
                    HPOS="305.0"
                    VPOS="1484.0"
                    WIDTH="1312.0"
                    HEIGHT="57.0"></String>
          </TextLine>

          
          
          <TextLine ID="eSc_line_7092a29e"
                    
                    BASELINE="308 1551 1621 1566" 
                    HPOS="305.0"
                    VPOS="1519.0"
                    WIDTH="1314.0"
                    HEIGHT="66.0">
            <Shape><Polygon POINTS="527 1521 509 1521 501 1519 426 1519 417 1519 399 1519 381 1519 362 1519 344 1519 326 1519 307 1519 307 1550 305 1569 1615 1585 1619 1565 1617 1537 545 1521 527 1521"/></Shape>
	    <String CONTENT="trois nations au service de la Société des Nations. En deux mots,"
                    HPOS="305.0"
                    VPOS="1519.0"
                    WIDTH="1314.0"
                    HEIGHT="66.0"></String>
          </TextLine>

          
          
          <TextLine ID="eSc_line_dea60af7"
                    
                    BASELINE="311 1582 1068 1591" 
                    HPOS="307.0"
                    VPOS="1554.0"
                    WIDTH="760.0"
                    HEIGHT="49.0">
            <Shape><Polygon POINTS="309 1581 307 1600 1064 1603 1067 1590 1066 1565 309 1554 309 1581"/></Shape>
	    <String CONTENT="j&#39;en reviens toujours à ma conviction:"
                    HPOS="307.0"
                    VPOS="1554.0"
                    WIDTH="760.0"
                    HEIGHT="49.0"></String>
          </TextLine>

          
          
          <TextLine ID="eSc_line_127cb6f0"
                    
                    BASELINE="311 1648 1602 1664" 
                    HPOS="307.0"
                    VPOS="1616.0"
                    WIDTH="1293.0"
                    HEIGHT="70.0">
            <Shape><Polygon POINTS="309 1647 307 1669 1069 1680 1071 1680 1099 1675 1108 1673 1113 1675 1132 1682 1133 1682 1320 1684 1322 1684 1404 1677 1410 1677 1412 1677 1437 1686 1439 1686 1441 1686 1599 1677 1600 1662 1599 1633 309 1616 309 1647"/></Shape>
	    <String CONTENT="faillite et un argument de plus pour les sceptiques; - organisée"
                    HPOS="307.0"
                    VPOS="1616.0"
                    WIDTH="1293.0"
                    HEIGHT="70.0"></String>
          </TextLine>

          
          
          <TextLine ID="eSc_line_2311ae33"
                    
                    BASELINE="543 1617 1549 1629" 
                    HPOS="540.0"
                    VPOS="1590.0"
                    WIDTH="1007.0"
                    HEIGHT="52.0">
            <Shape><Polygon POINTS="542 1616 540 1631 1544 1642 1547 1627 1546 1598 542 1590 542 1616"/></Shape>
	    <String CONTENT="isolée, la Société des Nations ne sera rien qu&#39;une"
                    HPOS="540.0"
                    VPOS="1590.0"
                    WIDTH="1007.0"
                    HEIGHT="52.0"></String>
          </TextLine>

          
          
          <TextLine ID="eSc_line_e8df4118"
                    
                    BASELINE="311 1686 1414 1692" 
                    HPOS="307.0"
                    VPOS="1656.0"
                    WIDTH="1105.0"
                    HEIGHT="66.0">
            <Shape><Polygon POINTS="309 1684 307 1709 1408 1722 1412 1691 1410 1667 309 1656 309 1684"/></Shape>
	    <String CONTENT="en participation, elle vivra et pourra sauver le Monde."
                    HPOS="307.0"
                    VPOS="1656.0"
                    WIDTH="1105.0"
                    HEIGHT="66.0"></String>
          </TextLine>

          
          
          <TextLine ID="eSc_line_39d7d6ce"
                    
                    BASELINE="406 1843 1059 1849" 
                    HPOS="402"
                    VPOS="1805"
                    WIDTH="656"
                    HEIGHT="71">
            <Shape><Polygon POINTS="404 1841 402 1863 483 1874 485 1874 580 1867 602 1867 1055 1876 1058 1847 1056 1814 685 1819 675 1812 675 1810 674 1810 672 1810 670 1810 626 1818 586 1807 584 1807 404 1805 404 1841"/></Shape>
	    <String CONTENT="Président Nicholas Murray BUTLER,"
                    HPOS="402"
                    VPOS="1805"
                    WIDTH="656"
                    HEIGHT="71"></String>
          </TextLine>

          
          
          <TextLine ID="eSc_line_fec7260c"
                    
                    BASELINE="550 1877 719 1880" 
                    HPOS="547.0"
                    VPOS="1854.0"
                    WIDTH="171.0"
                    HEIGHT="64.0">
            <Shape><Polygon POINTS="549 1876 547 1918 716 1913 718 1878 716 1854 549 1854 549 1876"/></Shape>
	    <String CONTENT="NEW-YORK."
                    HPOS="547.0"
                    VPOS="1854.0"
                    WIDTH="171.0"
                    HEIGHT="64.0"></String>
          </TextLine>

          
          
          <TextLine ID="eSc_line_d863515b"
                    
                    BASELINE="119 2041 336 2047" 
                    HPOS="115.0"
                    VPOS="2012.0"
                    WIDTH="220.0"
                    HEIGHT="67.0">
            <Shape><Polygon POINTS="117 2039 115 2068 263 2065 331 2079 335 2046 333 2023 117 2012 117 2039"/></Shape>
	    <String CONTENT="2 annexes."
                    HPOS="115.0"
                    VPOS="2012.0"
                    WIDTH="220.0"
                    HEIGHT="67.0"></String>
          </TextLine>

          
        </TextBlock>
        
      </PrintSpace>
    </Page>
  </Layout>
</alto>
