1746 2197
925.0 111.0 44.0 55.0 2

1165.0 245.0 330.0 49.0 Des observateurs

1110.0 314.0 344.0 57.0 Dotation Carnegie

789.0 439.0 114.0 68.0 C'est

923.0 547.0 478.0 53.0 Affectueusement à vous,

577.0 807.0 998.0 49.0 Je ne vous parle pas de vos élections, par discré-

329.0 847.0 1149.0 39.0 tion. Mais vous savez que nous pensons bien à vous en ce

326.0 873.0 1256.0 49.0 moment. Le malheur est que nous ne savons trop pour qui faire

331.0 908.0 1283.0 47.0 des voeux. Une campagne américaine de circonspection n'est pas

331.0 942.0 1273.0 63.0 faite naturellement pour passionner les bélligérants Européens

274.0 1094.0 119.0 74.0 P.S.-

584.0 1087.0 995.0 77.0 Ce que je dis plus haut, à propos de nos manifes-

335.0 1136.0 1222.0 52.0 tations franco-américaines en France, - et j'en pourrais men-

329.0 1179.0 1294.0 43.0 tionner bien d'autres, - s'applique naturellement aussi à celles

331.0 1204.0 1204.0 55.0 qui se sont organisées aux Etats-Unis, notamment à New-York,

335.0 1237.0 1225.0 66.0 soit sur votre initiative, soit à votre exemple, soit d'après

322.0 1276.0 1242.0 53.0 nos précédents: exemple, le banquet offert à l'Ambassadeur de

331.0 1307.0 762.0 55.0 France à l'occasion du LA FAYETTE DAY.

588.0 1369.0 982.0 64.0 J'ai vu sans surprise, mais avec plaisir, par vos

329.0 1406.0 1246.0 55.0 coupures de journaux et vos envois de revues illustrées si re-

331.0 1440.0 1200.0 57.0 marquables, que vous ne vous êtes pas contenté d'agir à New-

335.0 1466.0 1181.0 66.0 York et que vous avez su concilier "some political activity

333.0 1510.0 1205.0 57.0 with vacation", ce qui est le comble de l'art. Votre grande

335.0 1541.0 1216.0 59.0 campagne me semble avoir été belle et bonne à tous les points

331.0 1567.0 1176.0 75.0 de vue, particulièrement dans l'Ouest. Je vous félicite et

318.0 1609.0 403.0 53.0 même je vous envie.
