1745 2197
895.0 137.0 35.0 66.0 4

351.0 270.0 410.0 70.0 P.S.- 18 Novembre.

686.0 388.0 905.0 73.0 Le Comité de l'ASSOCIATION FRANCAISE POUR LA

364.0 457.0 383.0 81.0 SOCIÉTÉ DES NATIONS

1012.0 532.0 267.0 63.0 Pierre-Curie.

1327.0 659.0 139.0 64.0 Comité:

373.0 803.0 1161.0 55.0 "OVER MILITARY AUTOCRACY. WE MUST NOW UNITED TO BUILT NEW

563.0 761.0 1006.0 61.0 "SINCERE CONGRATULATIONS UPON VICTORY of FREE MEN

368.0 838.0 562.0 70.0 "and BETTER WORLD". Butler.

368.0 995.0 188.0 68.0 Le Comité

719.0 933.0 53.0 66.0 Ce

358.0 1204.0 1242.0 53.0 "DES NATIONS, REUNI POUR SA PREMIERE SEANCE DANS NOTRE BUREAU,

362.0 1239.0 1082.0 49.0 "SOUS LA PRESIDENCE de LEON BOURGEOIS EN PRESENCE DES

563.0 1158.0 1066.0 63.0 "LE COMITÉ de l€€ASSOCIATION FRANCAISE POUR LA SOCIÉTÉ

349.0 1268.0 1201.0 57.0 "PRESIDENTS d'HONNEUR ET DES MEMBRES du CONSEIL, du CARDINAL

355.0 1307.0 1190.0 53.0 "ARCHEVEQUE de PARIS, de M.M. APPELL, Albert THOMAS Charles

355.0 1338.0 1276.0 51.0 "RICHET CARNOT André WEISS Général de LACROIX AULARD DOUMER,

355.0 1371.0 1254.0 55.0 "RENAUDEL, Henri LAVEDAN, Marcel PREVOST et de NOMBREUX MEMBRES

358.0 1406.0 1174.0 49.0 "de l'INSTITUT et du PARLEMENT VOUS PRIENT DE REMERCIER LA

351.0 1437.0 1172.0 53.0 "DOTATION CARNEGIE POUR SON CORDIAL ACCUEIL ET SA PRECIEUSE

349.0 1475.0 1183.0 48.0 "ASSISTANCE à SA FONDATION. NOTRE MUTUEL ACCORD EST DE BON

346.0 1503.0 1082.0 62.0 "AUGURE POUR L'AVENIR." d'Estournelles de Constant.

368.0 1673.0 219.0 53.0 Commissions

717.0 1603.0 200.0 64.0 Le Comité

838.0 1653.0 55.0 69.0 Il

1364.0 1728.0 227.0 55.0 Société des

364.0 1807.0 154.0 51.0 Nations

959.0 1869.0 236.0 55.0 l'Allemagne
