1724 2197
1172.0 102.0 390.0 75.0 ££ ££ ££ ££

628.0 155.0 284.0 77.0 STATUTS

1315.0 161.0 114.0 80.0 ££

729.0 217.0 60.0 59.0 de

419.0 276.0 1044.0 82.0 l'UNION DES ASSOCIATIONS POUR LA SOCIÉTÉ DES NATIONS

646.0 446.0 700.0 79.0 I - BUT et ORGANISATION de l'UNION

509.0 514.0 1092.0 68.0 L'Union des Associations pour la Société des Nations a

370.0 551.0 1304.0 65.0 pour but de réunir, dans une motion concordante, les associations

375.0 591.0 1279.0 60.0 établies en vue de travailler au progrès des principes consacrés

370.0 618.0 1167.0 68.0 par le Pacte fondamental de la Société des Nations et d'en

370.0 657.0 564.0 57.0 poursuivre les applications.

507.0 714.0 1110.0 71.0 Chaque pays ne sera représenté dans l'Union que par une

366.0 752.0 1288.0 71.0 seule association qui pourra rassembler autour d'elle les autres

366.0 789.0 363.0 60.0 groupes nationaux.

501.0 842.0 829.0 75.0 Cette Association conserve son autonomie.

498.0 953.0 868.0 61.0 Le siège de l'Union est établi à Bruxelles.

643.0 995.0 1009.0 65.0 Les organes de l'Union sont les assemblées pléniè-

366.0 1017.0 524.0 65.0 res et le €C€onseil Général.

635.0 1120.0 522.0 64.0 II - ASSEMBLÉES PLENIERES

501.0 1180.0 1162.0 83.0 L'Union se réunit en assemblée XXXXXXXX plénière, sur con-

359.0 1219.0 564.0 62.0 vocation du Conseil Général.

501.0 1307.0 1146.0 71.0 Chaque assemblée plénière fixe le lieu de la réunion sui-

357.0 1354.0 1251.0 68.0 vante. A défaut de pareille désignation, le choix est fait par

362.0 1387.0 376.0 59.0 le Conseil Général.

494.0 1475.0 905.0 77.0 Chaque assemblée plénière compose son Bureau.

494.0 1581.0 1105.0 72.0 Les Assemblées plénières sont constituées par les délé-

353.0 1623.0 1228.0 61.0 gués des groupes nationaux. La liste de c es délégués dont le

353.0 1653.0 1244.0 58.0 nombre est limité à dix par pays, devra parvenir au secrétaire

351.0 1686.0 1308.0 64.0 général au moins quinze jours avant l'ouverture de chaque session

489.0 1774.0 1092.0 69.0 Le Conseil Général arrête le programme des questions à

349.0 1819.0 1263.0 57.0 soumettre à l'étude des groupes nationaux ainsi qu'aux délibé-

351.0 1856.0 1241.0 59.0 rations de l'Assemblée. L'assemblée décide l'ordre dans lequel

351.0 1883.0 1239.0 74.0 les questions seront soumises à une épreuve d'étude et de dis-

351.0 1920.0 161.0 57.0 cussion.
