1761 2197
249.0 78.0 454.0 75.0 ££ ££ ££ ££ ££

740.0 84.0 172.0 82.0 COPIE.

947.0 172.0 537.0 78.0 BALE, le 18 AVril 1916.

1000.0 223.0 390.0 60.0 43 Steinengraben,

393.0 355.0 1094.0 117.0 Monsieur le Sénateur d'Estournelles de Constant,

1055.0 422.0 139.0 68.0 PARIS.

128.0 600.0 489.0 73.0 Monsieur le Sénateur,

582.0 618.0 946.0 107.0 Permettez-moi de vous f/éliciter de votre

128.0 671.0 1348.0 110.0 article dans la Nouvelle Gazette de Zurich qui montrera une

141.0 708.0 1427.0 114.0 fois de plus à mes collègues pacifistes allemands ce qu'il faut

141.0 757.0 1348.0 107.0 leur montrer, à savoir qu'ils n'ont pas le courage de leurs

139.0 783.0 1374.0 112.0 opinion/s et qu'ils sont incapables de s'élever au-dessus de

142.0 823.0 1435.0 118.0 leurs intérêts matériels immédiats. Ce n'est pas que des hommes

141.0 865.0 1418.0 109.0 comme le Dr. Fried ne comprendraient pas le point de vue fran-

146.0 909.0 1345.0 108.0 çais. Ils savent parfaitement que le triomphe de nos idées

152.0 939.0 1411.0 119.0 pacifistes ne peut venir que d'une défaite allemande. Mais en

150.0 983.0 1414.0 113.0 public ils parlent tout autrement craignant de se compromettre

152.0 1012.0 1436.0 124.0 devant ceux à la disparition desquels ils ne peuvent pas encore

153.0 1054.0 1479.0 119.0 croire. Demain, quand le sort de ceux-ci se dessinera de plus e

152.0 1091.0 1486.0 121.0 plus clairement, ils vous approuveront au fur et à mesure que le

153.0 1135.0 1413.0 115.0 risques de le dire ouvertement disparaîtront. Pour le moment,

161.0 1168.0 1451.0 115.0 vous nous faites le plus grand plaisir, à nous autres démocrates

159.0 1215.0 1371.0 106.0 et républicains positifs allemands, de venir dire de temps à

159.0 1248.0 1404.0 115.0 autre leur fait à ceux qui, au fond, sont heureux qu'il y ait

161.0 1285.0 1418.0 113.0 des "jusqu'auboutistes", puisqu'ils savent aussi bien que vous

164.0 1323.0 1417.0 112.0 et moi que le bien du monde ne peut naître que de la chute des

170.0 1373.0 1321.0 106.0 dynasties qui jusqu'ici ont été les maîtres absolus sur la

170.0 1437.0 727.0 80.0 guerre et la paix dans le monde.

637.0 1440.0 905.0 96.0 Par même courrier, je me permets de vous

177.0 1479.0 1455.0 113.0 adresser un exemplaire de la tradition française de mon dernier

175.0 1521.0 1422.0 115.0 livre: "Gerade weil ich Deutscher bin!" Encore que cette tra-

177.0 1556.0 1393.0 111.0 duction soit assez défecyueuse au point de vue littéraire, je

177.0 1589.0 1435.0 117.0 crois que vous lirez avec plaisir ces quelques pages qui, si je

183.0 1634.0 1343.0 114.0 ne me trompe, sont la première manifestation d'un pacifisme

185.0 1669.0 1429.0 116.0 positif tel que l'heure présente l'exigerait à mon avis de tous

199.0 1711.0 1310.0 116.0 les pacifistes allemands dignes de ce nom et conscients de

186.0 1810.0 292.0 53.0 leur devoir.

641.0 1783.0 945.0 91.0 Excusez la liberté que j'ai prise en vous

186.0 1819.0 1465.0 121.0 écrivant,moi écrivain modeste, mais acceptez cette lettre comme
