1757 2197
307.0 216.0 803.0 62.0 points de votre lettre du 24 Avril.

780.0 283.0 676.0 79.0 Votre affectueusement dévoué,

291.0 470.0 485.0 77.0 Monsieur le Président

331.0 558.0 394.0 64.0 N. Murray BUTLER,

500.0 638.0 210.0 68.0 NEW-YORK.

285.0 781.0 1369.0 68.0 P.S.-  Je vous envoie plusieurs exemplaires de la second

307.0 829.0 1314.0 49.0 partie de cette lettre, si vous croyez devoir la communi-

305.0 865.0 1309.0 57.0 quer à plusieurs de nos amis, par exemple à Robert Bacon,

305.0 902.0 1281.0 70.0 lequel ne m'a pas non plus donné signe de vie depuis la

300.0 983.0 1345.0 51.0 le déluge d'attaque dont j'ai été l'objet, au début de la

298.0 1025.0 1281.0 51.0 guerre, dans des journaux comme le "Figaro" et parmi sa

311.0 1060.0 1354.0 53.0 clientèle. Qu'il ne se fasse pas illusion, la France toute

304.0 1094.0 1335.0 70.0 entière est maintenant contre ces infâmes journaux. C'est

302.0 1136.0 692.0 66.0 un mauvais vent qui est passé.
