<?xml version="1.0" encoding="UTF-8"?>
<alto xmlns:xsi="http://www.w3.org/2001/XMLSchema-instance"
      xmlns="http://www.loc.gov/standards/alto/ns-v4#"
      xsi:schemaLocation="http://www.loc.gov/standards/alto/ns-v4# http://www.loc.gov/standards/alto/v4/alto-4-2.xsd">
  <Description>
    <MeasurementUnit>pixel</MeasurementUnit>
    <sourceImageInformation>
      <fileName>FRAD072_12J387_lettre0571_001.jpg</fileName>
      
    </sourceImageInformation>
  </Description>
  
  <Layout>
    <Page WIDTH="1769"
          HEIGHT="2197"
          PHYSICAL_IMG_NR="81"
          ID="eSc_dummypage_">
      <PrintSpace HPOS="0"
                  VPOS="0"
                  WIDTH="1769"
                  HEIGHT="2197">
        

        
        <TextBlock ID="eSc_dummyblock_">
          
          
          <TextLine ID="eSc_line_9914eedd"
                    
                    BASELINE="831 167 1110 167" 
                    HPOS="829.0"
                    VPOS="117.0"
                    WIDTH="280.0"
                    HEIGHT="80.0">
            <Shape><Polygon POINTS="829 166 829 195 1107 197 1109 166 1109 120 1034 117 1032 117 1031 117 1021 120 999 131 829 126 829 166"/></Shape>
	    <String CONTENT="LETTRE N° 571."
                    HPOS="829.0"
                    VPOS="117.0"
                    WIDTH="280.0"
                    HEIGHT="80.0"></String>
          </TextLine>

          
          
          <TextLine ID="eSc_line_599333ab"
                    
                    BASELINE="1100 335 1563 332" 
                    HPOS="1096.0"
                    VPOS="296.0"
                    WIDTH="466.0"
                    HEIGHT="70.0">
            <Shape><Polygon POINTS="1098 333 1100 364 1139 353 1195 362 1215 364 1217 366 1289 366 1289 364 1291 364 1292 364 1292 362 1298 358 1303 353 1320 358 1342 364 1344 364 1345 364 1347 364 1367 357 1377 353 1382 357 1395 364 1397 364 1399 364 1400 364 1562 349 1562 331 1558 303 1096 296 1098 333"/></Shape>
	    <String CONTENT="PARIS, 13 Octobre 1919."
                    HPOS="1096.0"
                    VPOS="296.0"
                    WIDTH="466.0"
                    HEIGHT="70.0"></String>
          </TextLine>

          
          
          <TextLine ID="eSc_line_0fdee453"
                    
                    BASELINE="460 493 1401 496" 
                    HPOS="457.0"
                    VPOS="463.0"
                    WIDTH="943.0"
                    HEIGHT="64.0">
            <Shape><Polygon POINTS="459 492 457 527 1399 521 1400 494 1400 466 459 463 459 492"/></Shape>
	    <String CONTENT="AUTRES ARGUMENTS POUR SERVIR à la RÉDACTION DE"
                    HPOS="457.0"
                    VPOS="463.0"
                    WIDTH="943.0"
                    HEIGHT="64.0"></String>
          </TextLine>

          
          
          <TextLine ID="eSc_line_98cc13b5"
                    
                    BASELINE="774 563 1072 569" 
                    HPOS="770.0"
                    VPOS="532.0"
                    WIDTH="301.0"
                    HEIGHT="64.0">
            <Shape><Polygon POINTS="772 562 770 587 1020 596 1021 596 1069 585 1071 567 1071 538 772 532 772 562"/></Shape>
	    <String CONTENT="MON LIVRE SUR :"
                    HPOS="770.0"
                    VPOS="532.0"
                    WIDTH="301.0"
                    HEIGHT="64.0"></String>
          </TextLine>

          
          
          <TextLine ID="eSc_line_69edc422"
                    
                    BASELINE="609 623 1268 626" 
                    HPOS="606.0"
                    VPOS="598.0"
                    WIDTH="661.0"
                    HEIGHT="62.0">
            <Shape><Polygon POINTS="607 622 606 653 1263 660 1267 624 1265 598 607 598 607 622"/></Shape>
	    <String CONTENT="&quot; LA FAILLITE DE LA GUERRE &quot;."
                    HPOS="606.0"
                    VPOS="598.0"
                    WIDTH="661.0"
                    HEIGHT="62.0"></String>
          </TextLine>

          
          
          <TextLine ID="eSc_line_e1c6c98a"
                    
                    BASELINE="472 683 1461 696" 
                    HPOS="468.0"
                    VPOS="651.0"
                    WIDTH="991.0"
                    HEIGHT="75.0">
            <Shape><Polygon POINTS="470 682 468 712 730 710 750 715 767 719 769 719 770 719 807 715 853 710 972 715 1124 723 1126 723 1161 715 1173 714 1179 715 1197 725 1199 725 1316 726 1318 726 1457 715 1459 695 1459 660 1349 660 1347 660 1345 660 1344 660 1333 670 1289 659 1287 659 1285 659 1283 659 1179 668 1052 655 1036 655 1034 655 1021 655 930 664 879 655 869 653 868 653 855 653 780 662 470 651 470 682"/></Shape>
	    <String CONTENT="EXCELLENT DISCOURS DE M.BOURGEOIS.- L&#39;AFFICHAGE.-"
                    HPOS="468.0"
                    VPOS="651.0"
                    WIDTH="991.0"
                    HEIGHT="75.0"></String>
          </TextLine>

          
          
          <TextLine ID="eSc_line_4e683656"
                    
                    BASELINE="377 756 1563 763" 
                    HPOS="373.0"
                    VPOS="717.0"
                    WIDTH="1189.0"
                    HEIGHT="64.0">
            <Shape><Polygon POINTS="375 754 373 772 1558 781 1562 761 1560 730 1342 723 1340 723 1296 728 1265 732 1219 728 1137 721 1135 721 1133 721 1131 721 1124 728 1120 732 1034 732 1016 728 968 719 966 719 965 719 935 726 930 728 928 726 919 719 917 719 915 719 913 719 911 719 910 719 897 726 893 730 705 730 683 726 602 717 600 717 375 725 375 754"/></Shape>
	    <String CONTENT="LE TRAITÉ DE PAIX EST CRITIQUÉ MAIS VOTÉ PAR LE SÉNAT, POUR"
                    HPOS="373.0"
                    VPOS="717.0"
                    WIDTH="1189.0"
                    HEIGHT="64.0"></String>
          </TextLine>

          
          
          <TextLine ID="eSc_line_bef4db85"
                    
                    BASELINE="377 791 1572 798" 
                    HPOS="375.0"
                    VPOS="761.0"
                    WIDTH="1196.0"
                    HEIGHT="51.0">
            <Shape><Polygon POINTS="375 790 375 812 1569 812 1571 796 1571 772 375 761 375 790"/></Shape>
	    <String CONTENT="EN FINIR.- M. CLEMENCEAU, DANS UN DE SES DISCOURS LES MEIL-"
                    HPOS="375.0"
                    VPOS="761.0"
                    WIDTH="1196.0"
                    HEIGHT="51.0"></String>
          </TextLine>

          
          
          <TextLine ID="eSc_line_87e1d46b"
                    
                    BASELINE="377 823 1493 829" 
                    HPOS="373.0"
                    VPOS="798.0"
                    WIDTH="1119.0"
                    HEIGHT="44.0">
            <Shape><Polygon POINTS="375 822 373 836 1488 842 1492 827 1490 803 375 798 375 822"/></Shape>
	    <String CONTENT="LEURS, FAIT PAR LE PROCÈS DES DIRIGEANTS, SANS PENSER QU&#39;IL"
                    HPOS="373.0"
                    VPOS="798.0"
                    WIDTH="1119.0"
                    HEIGHT="44.0"></String>
          </TextLine>

          
          
          <TextLine ID="eSc_line_67599648"
                    
                    BASELINE="380 858 1553 870" 
                    HPOS="377.0"
                    VPOS="827.0"
                    WIDTH="1175.0"
                    HEIGHT="64.0">
            <Shape><Polygon POINTS="379 856 377 869 413 880 415 880 417 880 545 873 565 882 567 882 569 882 1367 882 1388 891 1389 891 1391 891 1551 882 1552 869 1551 842 379 827 379 856"/></Shape>
	    <String CONTENT="CONDAMNE TOUS CEUX QUI ONT DÉSIRÉ ou N&#39;ONT PAS SU PRÉVENIR"
                    HPOS="377.0"
                    VPOS="827.0"
                    WIDTH="1175.0"
                    HEIGHT="64.0"></String>
          </TextLine>

          
          
          <TextLine ID="eSc_line_b1ba6409"
                    
                    BASELINE="371 893 590 893" 
                    HPOS="369.0"
                    VPOS="864.0"
                    WIDTH="220.0"
                    HEIGHT="53.0">
            <Shape><Polygon POINTS="369 891 369 906 408 917 410 917 412 917 589 906 589 891 587 864 369 865 369 891"/></Shape>
	    <String CONTENT="LA GUERRE."
                    HPOS="369.0"
                    VPOS="864.0"
                    WIDTH="220.0"
                    HEIGHT="53.0"></String>
          </TextLine>

          
          
          <TextLine ID="eSc_line_15d25429"
                    
                    BASELINE="365 988 1560 997" 
                    HPOS="362.0"
                    VPOS="955.0"
                    WIDTH="1196.0"
                    HEIGHT="66.0">
            <Shape><Polygon POINTS="1536 964 1518 964 1499 964 1481 964 1463 964 1444 964 1426 964 1408 964 1389 964 1371 964 1353 964 1334 963 1318 963 1316 963 1298 963 1280 963 1261 963 1243 963 1225 963 1206 963 1188 963 1170 963 1157 961 1080 961 1078 961 1060 961 1041 961 1023 961 1005 961 987 961 968 961 957 959 840 959 840 959 822 959 803 959 785 959 780 957 602 957 602 957 584 957 582 955 364 955 364 986 362 1006 1080 1019 1082 1019 1236 1012 1241 1012 1245 1012 1347 1021 1349 1021 1556 1012 1558 995 1558 964 1536 963 1536 964"/></Shape>
	    <String CONTENT="RÉSUME MON POINT DE VUE: CE QU&#39;ON REPROCHE AU TRAITE N&#39;EST"
                    HPOS="362.0"
                    VPOS="955.0"
                    WIDTH="1196.0"
                    HEIGHT="66.0"></String>
          </TextLine>

          
          
          <TextLine ID="eSc_line_d29b8a35"
                    
                    BASELINE="580 956 1547 966" 
                    HPOS="576.0"
                    VPOS="920.0"
                    WIDTH="969.0"
                    HEIGHT="61.0">
            <Shape><Polygon POINTS="578 955 576 975 1541 981 1545 964 1541 928 1472 935 1395 926 1389 926 1388 926 1386 926 1351 935 1234 935 1219 924 1217 924 1215 924 1214 924 1212 924 1210 924 1172 933 1128 924 1117 922 1115 922 1093 924 1001 931 968 922 959 920 957 920 955 920 939 922 891 930 578 920 578 955"/></Shape>
	    <String CONTENT="DANS UN DISCOURS, QU&#39;IL QUALIFIE DE VIRULENT, JE"
                    HPOS="576.0"
                    VPOS="920.0"
                    WIDTH="969.0"
                    HEIGHT="61.0"></String>
          </TextLine>

          
          
          <TextLine ID="eSc_line_8e16888d"
                    
                    BASELINE="384 1026 999 1029" 
                    HPOS="380.0"
                    VPOS="997.0"
                    WIDTH="618.0"
                    HEIGHT="57.0">
            <Shape><Polygon POINTS="382 1025 380 1043 401 1052 402 1052 404 1052 628 1045 690 1054 692 1054 996 1045 998 1028 996 1001 382 997 382 1025"/></Shape>
	    <String CONTENT="AUTRE QUE LE FAIT DE LA GUERRE."
                    HPOS="380.0"
                    VPOS="997.0"
                    WIDTH="618.0"
                    HEIGHT="57.0"></String>
          </TextLine>

          
          
          <TextLine ID="eSc_line_b84d6be0"
                    
                    BASELINE="910 1184 1233 1191" 
                    HPOS="906.0"
                    VPOS="1147.0"
                    WIDTH="326.0"
                    HEIGHT="72.0">
            <Shape><Polygon POINTS="908 1182 906 1206 1228 1219 1232 1190 1228 1155 1168 1162 908 1147 908 1182"/></Shape>
	    <String CONTENT="Mon cher Butler,"
                    HPOS="906.0"
                    VPOS="1147.0"
                    WIDTH="326.0"
                    HEIGHT="72.0"></String>
          </TextLine>

          
          
          <TextLine ID="eSc_line_9c3e887f"
                    
                    BASELINE="647 1330 697 1330" 
                    HPOS="646.0"
                    VPOS="1292.0"
                    WIDTH="49.0"
                    HEIGHT="55.0">
            <Shape><Polygon POINTS="646 1329 646 1345 694 1347 695 1329 695 1296 646 1292 646 1329"/></Shape>
	    <String CONTENT="En"
                    HPOS="646.0"
                    VPOS="1292.0"
                    WIDTH="49.0"
                    HEIGHT="55.0"></String>
          </TextLine>

          
          
          <TextLine ID="eSc_line_4603e93b"
                    
                    BASELINE="314 1394 577 1390" 
                    HPOS="311.0"
                    VPOS="1347.0"
                    WIDTH="265.0"
                    HEIGHT="66.0">
            <Shape><Polygon POINTS="313 1393 313 1413 576 1411 576 1389 569 1347 538 1360 432 1360 311 1351 313 1393"/></Shape>
	    <String CONTENT="11 de ce mois,"
                    HPOS="311.0"
                    VPOS="1347.0"
                    WIDTH="265.0"
                    HEIGHT="66.0"></String>
          </TextLine>

          
          
          <TextLine ID="eSc_line_9810e32b"
                    
                    BASELINE="945 1390 1436 1394" 
                    HPOS="943.0"
                    VPOS="1356.0"
                    WIDTH="492.0"
                    HEIGHT="68.0">
            <Shape><Polygon POINTS="943 1411 968 1422 970 1422 972 1422 974 1422 976 1422 987 1413 1043 1422 1045 1422 1115 1415 1137 1413 1153 1417 1190 1424 1192 1424 1285 1420 1404 1415 1430 1424 1435 1393 1435 1367 1109 1367 1063 1358 1047 1356 1045 1356 1032 1358 979 1365 946 1356 944 1389 943 1411"/></Shape>
	    <String CONTENT="Traité de paix. A quand"
                    HPOS="943.0"
                    VPOS="1356.0"
                    WIDTH="492.0"
                    HEIGHT="68.0"></String>
          </TextLine>

          
          
          <TextLine ID="eSc_line_7af59950"
                    
                    BASELINE="1347 1336 1607 1333" 
                    HPOS="1344.0"
                    VPOS="1290.0"
                    WIDTH="262.0"
                    HEIGHT="70.0">
            <Shape><Polygon POINTS="1345 1334 1345 1360 1604 1358 1606 1332 1602 1301 1377 1290 1375 1290 1373 1290 1344 1298 1345 1334"/></Shape>
	    <String CONTENT="les 9, 10 et"
                    HPOS="1344.0"
                    VPOS="1290.0"
                    WIDTH="262.0"
                    HEIGHT="70.0"></String>
          </TextLine>

          
          
          <TextLine ID="eSc_line_4841a3cb"
                    
                    BASELINE="647 1520 694 1527" 
                    HPOS="642.0"
                    VPOS="1490.0"
                    WIDTH="52.0"
                    HEIGHT="51.0">
            <Shape><Polygon POINTS="646 1519 642 1537 686 1541 692 1526 694 1493 650 1490 646 1519"/></Shape>
	    <String CONTENT="La"
                    HPOS="642.0"
                    VPOS="1490.0"
                    WIDTH="52.0"
                    HEIGHT="51.0"></String>
          </TextLine>

          
          
          <TextLine ID="eSc_line_baaf9fab"
                    
                    BASELINE="745 1593 1094 1596" 
                    HPOS="741.0"
                    VPOS="1554.0"
                    WIDTH="352.0"
                    HEIGHT="62.0">
            <Shape><Polygon POINTS="743 1592 741 1614 1089 1616 1093 1594 1093 1565 1047 1554 1045 1554 1043 1554 1041 1554 1021 1563 970 1554 968 1554 966 1554 965 1554 954 1563 952 1563 911 1554 910 1554 743 1558 743 1592"/></Shape>
	    <String CONTENT="M. Léon Bourgeois"
                    HPOS="741.0"
                    VPOS="1554.0"
                    WIDTH="352.0"
                    HEIGHT="62.0"></String>
          </TextLine>

          
          
          <TextLine ID="eSc_line_06b04f9e"
                    
                    BASELINE="396 1657 713 1660" 
                    HPOS="393.0"
                    VPOS="1631.0"
                    WIDTH="319.0"
                    HEIGHT="49.0">
            <Shape><Polygon POINTS="395 1656 393 1673 708 1680 712 1658 712 1633 395 1631 395 1656"/></Shape>
	    <String CONTENT="vous avez. Vous"
                    HPOS="393.0"
                    VPOS="1631.0"
                    WIDTH="319.0"
                    HEIGHT="49.0"></String>
          </TextLine>

          
          
          <TextLine ID="eSc_line_6ce61174"
                    
                    BASELINE="758 1730 1122 1726" 
                    HPOS="754.0"
                    VPOS="1693.0"
                    WIDTH="366.0"
                    HEIGHT="60.0">
            <Shape><Polygon POINTS="756 1728 756 1742 827 1753 829 1753 1010 1752 1012 1752 1014 1752 1014 1750 1016 1748 1023 1742 1118 1750 1120 1724 1117 1697 754 1693 756 1728"/></Shape>
	    <String CONTENT="&quot;Journal Officiel&quot;."
                    HPOS="754.0"
                    VPOS="1693.0"
                    WIDTH="366.0"
                    HEIGHT="60.0"></String>
          </TextLine>

          
          
          <TextLine ID="eSc_line_998486b2"
                    
                    BASELINE="136 1990 1075 1990" 
                    HPOS="135.0"
                    VPOS="1951.0"
                    WIDTH="939.0"
                    HEIGHT="68.0">
            <Shape><Polygon POINTS="135 1988 135 2010 1073 2019 1074 1988 1074 1957 889 1951 888 1951 886 1951 884 1951 880 1955 871 1962 800 1962 791 1955 787 1951 785 1951 783 1951 781 1951 761 1955 725 1960 694 1953 681 1951 679 1951 677 1951 675 1951 675 1953 673 1953 666 1962 562 1962 545 1953 542 1951 540 1951 538 1951 527 1953 494 1960 485 1953 485 1951 483 1951 481 1951 479 1951 477 1951 476 1951 476 1953 466 1962 205 1962 135 1951 135 1988"/></Shape>
	    <String CONTENT="à Monsieur le Président Nicholas Murray BUTLER."
                    HPOS="135.0"
                    VPOS="1951.0"
                    WIDTH="939.0"
                    HEIGHT="68.0"></String>
          </TextLine>

          
        </TextBlock>
        
      </PrintSpace>
    </Page>
  </Layout>
</alto>
