1760 2197
849.0 151.0 44.0 59.0 2

798.0 269.0 165.0 77.0 Trustees

344.0 338.0 531.0 77.0 Bureau du Comité Exécutif:

644.0 422.0 837.0 101.0 RÉSOLUTION ADOPTÉE par le COMITÉ EXÉCUTIF

873.0 516.0 289.0 66.0 1° Avril 1917.

573.0 686.0 890.0 48.0 Carnegie pour la Paix Internationale, réunis

811.0 648.0 588.0 55.0 Les Directeurs de la Dotation

571.0 719.0 928.0 49.0 en Assemblée annuelle à Washington, déclarent

567.0 752.0 1055.0 51.0 qu'à leur avis, le moyen le plus efficace d'assurer

575.0 785.0 1038.0 57.0 une paix internationale durable est de poursuivre la

567.0 818.0 945.0 53.0 guerre contre le gouvernement impérial allemand

571.0 851.0 974.0 53.0 jusqu'à la victoire finale de la démocratie, con-

567.0 886.0 1011.0 64.0 formément à la politique affirmée par le Président

567.0 919.0 315.0 56.0 des Etats-Unis.

705.0 1041.0 924.0 83.0 RESOLUTION ADOPTÉE PAR LE BUREAU des TRUSTEES

998.0 1120.0 353.0 66.0 1° Novembre 1917.

750.0 1233.0 879.0 85.0 Les Trustees de la DOTATION CARNEGIE pour la

358.0 1307.0 1249.0 75.0 PAIX INTERNATIONALE, réunis en assemblée annuelle à WASHINGTON.

362.0 1384.0 1194.0 66.0 les 19-20 Avril dernier, ont adopté à l'unanimité la résolu-

558.0 1552.0 980.0 48.0 pour la Paix International, réunis en Assemblée

838.0 1501.0 775.0 69.0 Les Directeurs de la Dotation Carnegie

545.0 1587.0 951.0 53.0 annuelle à Washington, déclarent qu'à leur avis

565.0 1620.0 1017.0 49.0 le moyen le plus efficace d'assurer une paix inter-

567.0 1655.0 1000.0 44.0 nationale durable est de poursuivre la guerre con-

567.0 1688.0 973.0 47.0 tre le gouvernement impérial allemand jusqu'à la

565.0 1726.0 969.0 40.0 victoire finale de la démocratie, conformément à

567.0 1752.0 967.0 64.0 la politique affirmée par le Président des Etats-

565.0 1788.0 105.0 53.0 Unis.
