1920 2560
913 123 42 69 4

264 211 493 126 P.S.- 18 Novembre.

665 401 1024 115 Le Comité de l'ASSOCIATION FRANCAISE POUR LA

266 452 470 111 SOCIÉTÉ DES NATIONS

1036 584 305 75 Pierre-Curie.

1403 736 197 78 Comité:

262 859 1361 113 "OVER MILITARY AUTOCRACY. WE MUST NOW UNITED TO BUILT NEW

484 821 1173 104 "SINCERE CONGRATULATIONS UPON VICTORY of FREE MEN

260 913 689 79 "and BETTER WORLD". Butler.

672 1034 81 64 Ce

241 1077 241 98 Le Comité

238 1324 1447 113 "DES NATIONS, REUNI POUR SA PREMIERE SEANCE DANS NOTRE BUREAU,

477 1282 1238 111 "LE COMITÉ de l€€ASSOCIATION FRANCAISE POUR LA SOCIÉTÉ

238 1378 1280 89 "SOUS LA PRESIDENCE de LEON BOURGEOIS EN PRESENCE DES

202 1499 1530 96 "RICHET CARNOT André WEISS Général de LACROIX AULARD DOUMER,

219 1461 1410 87 "ARCHEVEQUE de PARIS, de M.M. APPELL, Albert THOMAS Charles

226 1412 1403 92 "PRESIDENTS d'HONNEUR ET DES MEMBRES du CONSEIL, du CARDINAL

206 1582 1400 77 "de l'INSTITUT et du PARLEMENT VOUS PRIENT DE REMERCIER LA

215 1531 1466 96 "RENAUDEL, Henri LAVEDAN, Marcel PREVOST et de NOMBREUX MEMBRES

213 1617 1391 81 "DOTATION CARNEGIE POUR SON CORDIAL ACCUEIL ET SA PRECIEUSE

215 1661 1389 84 "ASSISTANCE à SA FONDATION. NOTRE MUTUEL ACCORD EST DE BON

215 1702 555 68 "AUGURE POUR L'AVENIR."

859 1708 636 86 d'Estournelles de Constant.

640 1815 232 85 Le Comité

226 1883 279 83 Commissions

791 1900 64 69 Il

1390 1973 271 85 Société des

224 2039 189 77 Nations

925 2131 271 98 l'Allemagne
