1920 2560
1192 98 472 94 ££ ££ ££ ££

1350 164 168 96 ££

563 187 333 86 STATUTS

672 275 78 59 de

324 302 1220 139 l'UNION DES ASSOCIATIONS POUR LA SOCIÉTÉ DES NATIONS

584 524 813 101 I - BUT et ORGANISATION de l'UNION

422 605 1299 84 L'Union des Associations pour la Société des Nations a

270 659 1515 66 pour but de réunir, dans une motion concordante, les associations

275 706 1491 66 établies en vue de travailler au progrès des principes consacrés

275 742 1361 68 par le Pacte fondamental de la Société des Nations et d'en

268 782 645 82 poursuivre les applications.

416 849 1316 74 Chaque pays ne sera représenté dans l'Union que par une

268 893 1489 79 seule association qui pourra rassembler autour d'elle les autres

270 938 416 68 groupes nationaux.

422 998 958 94 Cette Association conserve son autonomie.

413 1092 1007 104 Le siège de l'Union est établi à Bruxelles.

266 1181 587 96 res et le €C€onseil Général.

567 1164 1182 94 Les organes de l'Union sont les assemblées pléniè-

567 1290 608 111 II - ASSEMBLÉES PLENIERES

407 1371 1333 111 L'Union se réunit en assemblée XXXXXXXX plénière, sur con-

266 1412 644 79 vocation du Conseil Général.

422 1516 1293 107 Chaque assemblée plénière fixe le lieu de la réunion sui-

268 1553 1413 119 vante. A défaut de pareille désignation, le choix est fait par

268 1600 436 68 le Conseil Général.

420 1693 1022 116 Chaque assemblée plénière compose son Bureau.

416 1804 1241 116 Les Assemblées plénières sont constituées par les délé-

268 1836 1366 113 gués des groupes nationaux. La liste de c es délégués dont le

268 1883 1402 103 nombre est limité à dix par pays, devra parvenir au secrétaire

262 1922 1448 123 général au moins quinze jours avant l'ouverture de chaque session

416 2020 1216 109 Le Conseil Général arrête le programme des questions à

266 2054 1393 107 soumettre à l'étude des groupes nationaux ainsi qu'aux délibé-

270 2099 1366 100 rations de l'Assemblée. L'assemblée décide l'ordre dans lequel

283 2135 1349 124 les questions seront soumises à une épreuve d'étude et de dis-

262 2167 198 70 cussion.
