1920 2560
868 36 179 83 - 7. -

162 164 1578 149 jardin de Candide. Il ne peut être indifférent, - et il ne

177 262 1644 130 peut plus gouverner. Son rôle se borne donc à critiquer ou à

168 358 1521 122 attaquer ses successeurs, à morigéner ses contemporain€e€s.

174 445 352 103 Rôle ingrat.

590 558 1148 90 S'il avait vécu plus longtemps, gardant les

183 642 1527 94 facultés de sa jeunesse, peut-être le Président Roosevelt

174 725 1639 94 eût-il oublier les inimitiés que son ardeur prolongée et

174 821 1594 92 accumulée lui avait suscitées ; peut-être eût-il recommencé

185 910 1575 82 une vie, comme Clémenceau ? comme Gladstone ? Quoiqu'il en

183 1000 1623 81 soit, les Américains peuvent être fiers et reconnaissants des

204 1083 1658 98 services qu'il leur a rendus et à l'intérieur et à l'extérieur ;

202 1166 1577 90 la France ne pourra jamais oublier la part qu'il €a€prise dans

202 1260 1536 96 ses épreuves et dans sa victoire ; l'Humanité inscrira son

204 1346 918 98 nom parmi ceux de ses bienfaiteurs.

878 1486 764 128 Votre affectueusement dévoué,

932 1657 458 117 D’Estournelles

4 1898 1145 145 Monsieur le Président Nicholas Murray BUTLER,

469 2009 277 109 NEW-YORK.
