1739 2197
875 102 987 172 - 2 -
696 272 1599 340 J'ai saisi par hasard hier, en voyageant dans
401 336 1590 411 un compartiment bondé d’officiers américains venant à Paris
401 411 1619 472 un nouveau signe de cette jeunesse de vos cœurs. Un journal
403 483 1603 547 américain se publie au Mans pour faire patienter vos troupes
403 541 1640 611 qui attendent là, en grand nombre, soit l’heure de leur retour
404 609 1564 670 tant désiré au pays natal, soit leur envoi en Allemagne, à
403 677 1641 735 Coblentz, ou dans quelque autre ville des bords du Rhin. Voici
401 741 1607 812 un numéro de ce journal. J'y ai trouvé en première page, en
404 811 1618 880 gros caractères, comme la recommandation la plus essentielle :
529 937 1513 1006 C'EST DEMAIN DIMANCHE. LE JOUR DE VOTRE MERE.
877 1016 1158 1080 ECRIVEZ-LUI .
701 1136 1627 1197 Cette recommandation touchante en dit long. En
406 1208 1641 1276 France, chacun de nos jeunes gens aime sa mère, son pays, mais
404 1270 1627 1338 nous sommes dressés à ne jamais parler de nos bons sentiments
406 1332 1531 1402 et, si quelqu'un en parle, à se moquer de lui comme d'un
406 1409 1623 1473 naîf. On n'oserait pas, dans un journal pour l’armée, recom-
406 1473 1623 1532 mander aux jeunes gens de penser à leur mère et de lui écrire.
410 1536 1610 1605 Vous n’avez pas connu les moeurs du militarisme. En Algérie,
410 1611 1588 1675 jadis, un soldat qui faisait des économies et qui ne buvait
408 1666 1643 1731 pas était mal vu ; il lui fallait, en outre, avoir contracté et
410 1733 1568 1799 propagé de bonnes maladies vénériennes. C'était martial.-
408 1807 1625 1863 Et aujourd'hui encore, vous trouverez dans nos feuilles mili-
412 1863 1673 1942 taristes tout autre chose que des conseils de dévouement filial;
