1733 2197
910 161 1027 223 - 11 -
351 320 1584 393 leur assurait la guerre. Je les trouverai successivement, et
351 395 1525 463 de plus en plus acharnés, à chacune de mes élections parce
351 457 1505 519 qu'ils savent qu’en dépit de l'impossibilité d’agir où la
353 518 1606 589 guerre m'a réduit jusqu’ici, je représente vraiment contre eux
351 598 1623 660 le sentiment du pays. Tant que je serai debout ils ne pourront
351 666 1467 726 pas être tranquilles. Mais je suis tellement sûr de ma
351 730 1602 787 conscience et d’avoir servi contre eux mon pays, que j'appelle
351 798 1641 854 de tous mes voeux leurs contradictions au de leur dissimulation,
1150 774 1243 827 lieu
351 867 1566 930 de leurs pièges et de leur fuite. IN ARDUIS CONSTANS, telle
349 942 1364 999 a été, telle est, telle sera toujours la devise de
811 1025 1395 1091 Votre affectueusement dévoué
1102 1102 1243 1195 ££
192 1257 870 1318 Ci-joint une intéressante note du
196 1301 904 1356 Bureau, r/ésumant les résultats des
199 1340 406 1396 élections.
210 1525 1157 1605 à Monsieur le Président Nicholas Murray BUTLER,
604 1590 806 1678 NEW-YORK.
