1729 2197
749 155 868 201 - 6 -
216 272 1637 346 L'Europe n'était pas un champ de carnage assez vaste ; il faut y ajouter
216 346 633 406 l'Afrique et l'Asie;!
318 404 1593 472 Et qui donc osera dire que nous n'avons pas eu mille fois raison
217 472 1587 541 d'essayer de mettre le monde en garde contre ces crimes que nous pré-
216 534 1479 609 parait depuis quarante ans la tragi-comédie de la paix armée ?
318 611 1628 675 Et on nous demande de plaindre l'Empereur Guillaume et de la lais-
221 673 1578 732 ser continuer à appeler sur ses armées, par un blasph ème intolérable
216 734 1556 809 au XXe siècle! : la bénédiction de Dieu et l’admiration des intellec-
221 814 575 873 tuels allemands !
318 865 1518 935 Et si, dans ma douleur de voir tous les peuples et le peuple
221 933 1489 1001 allemand, lui aussi, victimes de ces mensonges et de ces crimes
221 995 1613 1061 je proteste de toute mon âme, en réclamant la guerre à outrance contre
223 1069 1617 1127 la guerre faite à la Belgique, à la France, au Droit, il se trouve des
223 1136 1575 1201 amis neutres et même des Anglais pour s’étonner de mon indignation !
221 1202 1591 1257 Des correspondants très dévoués me demandent de ménager les suscepti-
223 1266 1633 1329 bilités des intellectuels allemands, dont nous aurons besoin, le moment
223 1334 950 1393 venu, pour établir une paix durable!
324 1396 1540 1455 Il est vrai que la presse officieuse allemande n’a pas manqué
223 1464 1598 1526 de falsifier le texte de ma protestation. (celle que j’avais adressée
225 1526 1501 1590 au New York Times). Je m'étais gardé, comme toujours et plus que
225 1596 1595 1655 jamais, de confondre la cause du peuple allemand et le crime du mili-
227 1653 1560 1722 tarisme allemand. La presse allemande me fait dire, parait-il, tout
227 1722 1635 1785 le contraire et déclarer cette monstruosité ; "On ne pourra plus traiter
225 1788 1523 1854 avec l'Allemagne.!!... Dans sa rage d’aggraver et de perpétuer la
225 1847 1600 1918 guerre en séparant à jamais, non pas deux régimes passagers mais deux
225 1916 1580 1984 peuples, elle me présente come l’adversaire non pas du Gouvernement
228 1993 521 2056 mais du pays !
