1724 2197
886 137 1187 228 LETTRE N° 603.
219 324 426 399 SENAT
500 378 800 444 Personnelle et
503 428 807 496 Confidentielle.
1115 501 1612 584 PARIS, 16 Décembre 1919.
855 682 1192 741 Mon cher Butler,
604 803 1577 882 Je reviens sur la lettre par laquelle je vous ai
324 869 1676 944 fait part de l'intention qu’aurait Hanoteaux d’aller faire aux Etats-
326 946 1641 1019 Unis, le printemps prochain, d’accord avec vous, une visite de la
326 1006 1599 1078 gratitude française. Il désire que cette visite soit aussi bien
324 1074 1533 1153 préparée que celle de 1912 l’avait été mal ; c'est pourquoi,
327 1157 1560 1219 instruit par l’expérience, c’est à vous qu’il veut s’adresser
326 1215 1597 1287 cette fois. Mais, au préalable, il m'a prié de vous pressentir
326 1283 1496 1345 afin de savoir si son projet concorderait avec les vôtres.
604 1356 1601 1420 Je vous prie de ma répondre par une lettre que je
326 1417 828 1492 pourrai lui communiquer.
1146 1510 1612 1581 Affectueusement à vous,
1099 1601 1410 1700 ££
192 1779 1137 1861 à Monsieur le Président Nicholas Murray BUTLER,
628 1858 826 1926 NEW-YORK.
