1749 2197
899 113 1014 186 - 6 -
424 241 1646 316 hélas à quel prix ; Il nous reste maintenant à savoir comment
423 324 1369 382 nous allons préparer le lendemain de la guerre.
721 549 1514 613 Nous arrivons donc au problème de notre
424 609 796 681 activité nouvelle.
723 681 1650 739 Des événements importants sont venus, dans les
424 746 1573 811 derniers mois de 1918, la solliciter. Ce fut d’abord, en
424 811 1629 886 Août, la création de l'ASSOCIATION FRANCAISE DOUR LA SOCIÉTÉ
423 887 1611 946 DES NATIONS. Nous recevions d’autre part, dès le lendemain
424 955 1505 1006 de l'armistice, un cablogramme de la ligue américaine:
424 1012 1613 1083 "LEAGUE TO ENFORCE PEACE" nous priant de trouver à Paris un
428 1085 1609 1138 local où s'installeraient les délégations française, améri-
426 1153 1571 1204 caine et anglaise, venant travailler à l'élaboration d'un
424 1219 1644 1272 programme commun de la Société des Nations. C'était à notr/e
424 1277 1591 1340 ami et maître, M. Léon Bourgeois, que revenait de droit la
426 1349 1648 1407 présidence générale de l'ASSOCIATION FRANCAISE POUR LA SOTIETE
426 1411 1587 1475 DES NATIONS ; mais il était à la fois heureux et débordé de
424 1475 1547 1532 la rapidité des événements. Il était impossible de tout
428 1547 1607 1598 improviser. C'est alors que notre Bureau de la rue Pierre-
424 1612 1642 1667 Curie a justifié son existence par l’efficacité de son inter-
424 1678 1589 1731 vention. Il s’est mobilisé tout naturellement, au service
426 1746 1620 1805 de la nouvelle Association, sans en attendre aucun avantage.
424 1808 1609 1871 Notre Bureau qui, pendant la guerre, avait vécu grâce à ces
423 1872 1628 1944 prodiges de désintéressement et de modestie, s'est trouvé en
