<?xml version="1.0" encoding="UTF-8"  standalone="yes"?>
<PcGts xmlns="http://schema.primaresearch.org/PAGE/gts/pagecontent/2019-07-15" xmlns:xsi="http://www.w3.org/2001/XMLSchema-instance" xsi:schemaLocation="http://schema.primaresearch.org/PAGE/gts/pagecontent/2019-07-15 http://schema.primaresearch.org/PAGE/gts/pagecontent/2019-07-15/pagecontent.xsd">
  <Metadata>
	<Creator>escriptorium</Creator>
	<Created>2022-07-21T12:02:33.242428+00:00</Created>
        <LastChange>2022-07-21T12:02:33.242449+00:00</LastChange>

  </Metadata>
  <Page imageFilename="FRAD072_12J386_lettre0531_002.jpg" imageWidth="1741" imageHeight="2197">

    

    
    <TextRegion id="eSc_dummyblock_">
    
    
      <TextLine id="eSc_line_00923ce4" >
        <Coords points="883,175 980,175 980,155 978,120 910,129 885,120 883,155 883,175"/>
        <Baseline points="883,155 980,155"/>
        <TextEquiv>
          <Unicode>- 2 -</Unicode>
        </TextEquiv>
      </TextLine>

    
    
      <TextLine id="eSc_line_9f180317" >
        <Coords points="368,270 368,289 465,298 467,298 749,285 806,292 808,292 810,292 832,283 1368,283 1370,283 1372,283 1374,283 1385,274 1434,281 1436,281 1594,269 1594,250 1590,221 1497,216 1495,216 1493,216 1471,221 1451,227 1416,223 1378,217 1376,217 1374,217 1372,217 1363,223 1354,228 1334,223 1317,219 1315,219 1313,219 1312,219 1310,219 1304,223 1295,228 1281,225 1264,219 1262,219 1260,219 1259,219 1257,219 1257,221 1253,225 1246,232 1207,232 1178,225 1154,221 1152,221 1150,221 1139,225 1125,234 1031,234 962,228 923,225 921,225 885,228 806,238 729,230 700,228 698,228 696,228 694,228 694,230 692,230 683,239 610,232 588,230 586,230 562,232 470,243 366,236 368,270"/>
        <Baseline points="368,270 1594,250"/>
        <TextEquiv>
          <Unicode>les plus jeunes, les plus généreux, auront disparu, ou moitié</Unicode>
        </TextEquiv>
      </TextLine>

    
    
      <TextLine id="eSc_line_9f13835b" >
        <Coords points="370,338 370,355 1532,342 1532,322 1526,298 368,313 370,338"/>
        <Baseline points="370,338 1532,322"/>
        <TextEquiv>
          <Unicode>d&#39;entre eux seront invalides, des fardeaux et non plus des</Unicode>
        </TextEquiv>
      </TextLine>

    
    
      <TextLine id="eSc_line_b02db679" >
        <Coords points="368,404 368,428 1515,406 1515,388 1510,360 366,375 368,404"/>
        <Baseline points="368,404 1515,388"/>
        <TextEquiv>
          <Unicode>ressources. Sa production, écrasée de charges, privée de</Unicode>
        </TextEquiv>
      </TextLine>

    
    
      <TextLine id="eSc_line_3befa052" >
        <Coords points="370,470 370,497 1552,477 1554,450 1548,419 368,444 370,470"/>
        <Baseline points="370,470 1554,450"/>
        <TextEquiv>
          <Unicode>main-d’oeuvre, à la merci des exigences naturelles des tra-</Unicode>
        </TextEquiv>
      </TextLine>

    
    
      <TextLine id="eSc_line_ee94a38e" >
        <Coords points="373,534 373,558 1572,541 1572,516 1568,494 1453,485 1451,485 1262,496 1211,497 1200,496 1174,490 1172,490 1119,496 1092,499 1070,497 1033,492 1031,492 995,497 965,503 372,503 373,534"/>
        <Baseline points="373,534 1572,516"/>
        <TextEquiv>
          <Unicode>vailleurs raréfiés, sera dominée par l’activité favorisée de</Unicode>
        </TextEquiv>
      </TextLine>

    
    
      <TextLine id="eSc_line_1be1f93f" >
        <Coords points="372,604 372,629 1629,606 1631,585 1625,552 370,571 372,604"/>
        <Baseline points="372,604 1631,585"/>
        <TextEquiv>
          <Unicode>ses concurrents ; et cette faveur l’aigrira comme une injustice</Unicode>
        </TextEquiv>
      </TextLine>

    
    
      <TextLine id="eSc_line_3f90e2d2" >
        <Coords points="373,668 373,692 1612,681 1614,651 1609,622 372,642 373,668"/>
        <Baseline points="373,668 1614,651"/>
        <TextEquiv>
          <Unicode>et l’isolera. Elle se croira sacrifiée ; ses amis la croiront</Unicode>
        </TextEquiv>
      </TextLine>

    
    
      <TextLine id="eSc_line_e016f283" >
        <Coords points="373,732 373,756 547,756 547,732 546,704 373,706 373,732"/>
        <Baseline points="373,732 547,732"/>
        <TextEquiv>
          <Unicode>ingrate.</Unicode>
        </TextEquiv>
      </TextLine>

    
    
      <TextLine id="eSc_line_94c6214c" >
        <Coords points="709,794 709,814 839,823 841,823 881,814 885,812 1640,809 1640,781 1636,756 1548,745 1546,745 1544,745 1543,745 1530,756 1466,746 1464,746 1345,759 1339,759 1335,759 1292,748 1290,748 1288,748 1191,759 1110,750 1108,750 1053,763 1040,752 1039,752 1037,752 987,752 985,752 984,752 982,752 965,765 903,756 901,756 899,756 881,765 786,759 784,759 707,768 709,794"/>
        <Baseline points="709,794 1640,781"/>
        <TextEquiv>
          <Unicode>La France sera, malgré ses ruines irréparables</Unicode>
        </TextEquiv>
      </TextLine>

    
    
      <TextLine id="eSc_line_3b37e479" >
        <Coords points="373,869 373,886 474,895 476,895 478,895 503,886 615,893 617,893 1651,869 1653,851 1647,823 372,836 373,869"/>
        <Baseline points="373,869 1653,851"/>
        <TextEquiv>
          <Unicode>et ses deuils, une proie d’autant plus tentante pour ses voisins</Unicode>
        </TextEquiv>
      </TextLine>

    
    
      <TextLine id="eSc_line_8902f900" >
        <Coords points="375,933 375,963 503,961 505,961 507,961 524,950 547,959 549,959 551,959 738,948 778,957 780,957 782,957 844,946 1066,953 1068,953 1139,942 1357,950 1359,950 1361,950 1409,939 1552,948 1555,919 1550,895 373,908 375,933"/>
        <Baseline points="375,933 1555,919"/>
        <TextEquiv>
          <Unicode>qu’elle sera moins apte à se défendre. Elle inspirera plus</Unicode>
        </TextEquiv>
      </TextLine>

    
    
      <TextLine id="eSc_line_39978282" >
        <Coords points="377,999 377,1025 1618,1012 1618,983 1612,955 375,968 377,999"/>
        <Baseline points="377,999 1618,983"/>
        <TextEquiv>
          <Unicode>que la jalousie, l’envie. Les envieux verront en elle un pays</Unicode>
        </TextEquiv>
      </TextLine>

    
    
      <TextLine id="eSc_line_1045d3f8" >
        <Coords points="373,1065 373,1093 1572,1072 1574,1047 1568,1023 372,1036 373,1065"/>
        <Baseline points="373,1065 1574,1047"/>
        <TextEquiv>
          <Unicode>à coloniser, et, s’ils n’y peuvent pas réussir, à conquérir.</Unicode>
        </TextEquiv>
      </TextLine>

    
    
      <TextLine id="eSc_line_e92c86a3" >
        <Coords points="379,1133 379,1158 1500,1138 1500,1114 1495,1091 377,1103 379,1133"/>
        <Baseline points="379,1133 1500,1114"/>
        <TextEquiv>
          <Unicode>J’ai pressenti ce danger trop souvent, des mes voyages à</Unicode>
        </TextEquiv>
      </TextLine>

    
    
      <TextLine id="eSc_line_8ffcd837" >
        <Coords points="379,1199 379,1221 1610,1208 1612,1179 1607,1153 377,1175 379,1199"/>
        <Baseline points="379,1199 1612,1179"/>
        <TextEquiv>
          <Unicode>travers la France, à bicyclette, en chemin de fer, en auto, en</Unicode>
        </TextEquiv>
      </TextLine>

    
    
      <TextLine id="eSc_line_bb089946" >
        <Coords points="379,1266 379,1290 1522,1270 1522,1248 1517,1222 377,1237 379,1266"/>
        <Baseline points="379,1266 1522,1248"/>
        <TextEquiv>
          <Unicode>aéroplane ; et c’est pourquoi je redoutais la guerre pour</Unicode>
        </TextEquiv>
      </TextLine>

    
    
      <TextLine id="eSc_line_fd1f7732" >
        <Coords points="381,1331 381,1349 657,1356 659,1356 661,1356 701,1347 797,1354 799,1354 1220,1338 1220,1320 1215,1290 379,1307 381,1331"/>
        <Baseline points="381,1331 1220,1320"/>
        <TextEquiv>
          <Unicode>la France d’abord et pour le monde entier.</Unicode>
        </TextEquiv>
      </TextLine>

    
    
      <TextLine id="eSc_line_a32c03ab" >
        <Coords points="718,1395 718,1415 725,1422 727,1422 729,1422 731,1422 733,1422 769,1413 841,1422 843,1422 907,1413 958,1420 960,1420 962,1420 963,1420 963,1418 965,1418 971,1411 984,1418 985,1418 987,1418 989,1418 991,1418 1017,1409 1020,1409 1594,1409 1594,1382 1590,1356 1493,1345 1491,1345 1489,1345 1466,1356 1464,1356 1455,1356 1385,1347 1383,1347 1381,1347 1346,1356 1335,1358 1288,1356 1156,1349 1154,1349 1117,1356 1088,1363 1035,1363 1024,1356 1009,1349 1007,1349 1006,1349 892,1351 890,1351 877,1356 865,1363 848,1356 835,1352 833,1352 832,1352 716,1356 718,1395"/>
        <Baseline points="718,1395 1594,1382"/>
        <TextEquiv>
          <Unicode>Je suis allé hier dans le Nord de la Sarthe</Unicode>
        </TextEquiv>
      </TextLine>

    
    
      <TextLine id="eSc_line_0f064cbd" >
        <Coords points="379,1466 379,1488 854,1490 855,1490 857,1490 859,1490 859,1488 868,1481 870,1477 974,1477 1000,1479 1079,1486 1081,1486 1083,1486 1110,1477 1117,1475 1132,1477 1200,1484 1202,1484 1204,1484 1226,1475 1231,1473 1273,1473 1409,1479 1411,1479 1412,1479 1427,1471 1433,1470 1438,1471 1469,1481 1471,1481 1473,1481 1475,1481 1508,1470 1508,1450 1504,1424 1407,1417 1405,1417 1354,1424 1334,1426 1324,1424 1292,1413 1290,1413 1288,1413 1286,1413 1284,1413 1273,1424 1260,1415 1259,1415 1257,1415 1255,1415 1253,1415 1251,1415 1251,1417 1249,1417 1244,1424 1242,1426 1235,1424 1209,1418 1207,1418 1174,1424 1152,1428 1145,1424 1128,1415 1127,1415 1125,1415 1123,1415 1094,1424 1083,1428 1017,1424 894,1418 892,1418 890,1418 870,1426 844,1433 815,1426 810,1424 808,1424 806,1424 804,1424 799,1426 775,1433 762,1426 755,1420 753,1420 751,1420 749,1420 747,1420 731,1426 701,1435 615,1426 590,1424 588,1424 571,1426 496,1439 377,1428 379,1466"/>
        <Baseline points="379,1466 1508,1450"/>
        <TextEquiv>
          <Unicode>à La Ferté-Bernard, où j&#39;étais appelé à parler devant un</Unicode>
        </TextEquiv>
      </TextLine>

    
    
      <TextLine id="eSc_line_a062b0c0" >
        <Coords points="381,1532 381,1552 1609,1543 1610,1515 1605,1484 379,1503 381,1532"/>
        <Baseline points="381,1532 1610,1515"/>
        <TextEquiv>
          <Unicode>comité local, d’ailleurs tout dévoué. J&#39;ai parcouru, en auto,</Unicode>
        </TextEquiv>
      </TextLine>

    
    
      <TextLine id="eSc_line_9bfcb72a" >
        <Coords points="383,1598 383,1623 881,1620 883,1620 903,1614 916,1611 943,1612 1000,1618 1002,1618 1004,1618 1006,1618 1006,1616 1007,1616 1011,1611 1013,1609 1048,1611 1128,1616 1130,1616 1246,1607 1275,1605 1293,1605 1385,1612 1387,1612 1389,1612 1390,1612 1390,1611 1400,1603 1405,1603 1477,1611 1478,1611 1638,1598 1638,1580 1634,1556 1532,1547 1530,1547 1528,1547 1526,1547 1511,1556 1510,1558 381,1563 383,1598"/>
        <Baseline points="383,1598 1638,1580"/>
        <TextEquiv>
          <Unicode>cette région plantureuse et charmante du Perche, par une adora-</Unicode>
        </TextEquiv>
      </TextLine>

    
    
      <TextLine id="eSc_line_3df8b92c" >
        <Coords points="384,1666 384,1682 480,1691 481,1691 771,1680 877,1677 907,1678 956,1684 958,1684 987,1678 1009,1675 1620,1675 1621,1647 1616,1622 383,1631 384,1666"/>
        <Baseline points="384,1666 1621,1647"/>
        <TextEquiv>
          <Unicode>ble journée de Mai, dans la fraîcheur des pâturages peuplé de</Unicode>
        </TextEquiv>
      </TextLine>

    
    
      <TextLine id="eSc_line_5295e5ad" >
        <Coords points="383,1730 383,1750 1609,1733 1609,1713 1605,1691 1530,1680 1528,1680 1447,1691 1249,1686 1248,1686 1105,1695 1090,1686 1088,1686 1086,1686 1084,1686 1013,1697 791,1689 789,1689 740,1700 738,1700 734,1700 591,1693 590,1693 491,1704 483,1704 478,1704 412,1695 410,1695 408,1695 381,1704 383,1730"/>
        <Baseline points="383,1730 1609,1713"/>
        <TextEquiv>
          <Unicode>bestiaux et de chevaux florissants ; les ruisseaux et le doux</Unicode>
        </TextEquiv>
      </TextLine>

    
    
      <TextLine id="eSc_line_e1bfa470" >
        <Coords points="384,1797 384,1819 1610,1807 1612,1777 1607,1755 383,1774 384,1797"/>
        <Baseline points="384,1797 1612,1777"/>
        <TextEquiv>
          <Unicode>soleil nourrissant les prés, les prés nourrissant les animaux,</Unicode>
        </TextEquiv>
      </TextLine>

    
    
      <TextLine id="eSc_line_04fc826e" >
        <Coords points="384,1863 384,1885 503,1896 505,1896 621,1894 623,1894 624,1894 639,1883 641,1883 646,1883 712,1891 714,1891 837,1882 850,1882 852,1882 881,1891 883,1891 885,1891 886,1891 905,1882 908,1880 923,1882 993,1889 995,1889 996,1889 1029,1880 1040,1878 1064,1880 1143,1887 1145,1887 1216,1878 1238,1876 1528,1876 1528,1847 1522,1821 383,1839 384,1863"/>
        <Baseline points="384,1863 1528,1847"/>
        <TextEquiv>
          <Unicode>et les animaux nourrissant les hommes. Pays de repos, de</Unicode>
        </TextEquiv>
      </TextLine>

    
    </TextRegion>
    
  </Page>
</PcGts>
