1763 2197
908 124 1046 194 - 19 -
337 259 1640 333 ou de la graisse d'oie. Car il y a aussi des confits d'oie ; mais
335 329 1700 399 ne parlons que des rillettes. Que je vous plains, mon pauvre Butler,
339 400 1680 455 de n'avoir pas été avec moi pour les goûter ! Ce n'était d'ailleurs
342 466 1601 538 qu’un hors d’œuvre,après lequel, non pas au hasard ou dans une
339 534 1539 600 accumulation d’autres plats, apparait fumante et toute seule,
340 596 1561 666 l’omelette traditionnelle, aux herbes, aux champignons, je ne
339 662 1634 728 sais plus, mais telle enfin qu'avec du bon pain, ni dur ni frais,
339 739 1654 796 nous n'en avons laissé sur le plat que juste la part du chauffeur
344 807 1601 860 lequel faisait comme nous le même repas dans l'autre salle avec
339 869 1621 928 un gars de la maison et la cuisinière. Après l’omelette, pas de
342 931 1581 999 vin; les oeufs en gâteraient le goût, mais vite un plat fumant
340 992 1561 1061 lui aussi, odorant, saupoudré de fines herbes du jardin et de
339 1071 1682 1131 beurre bien frais, non encore pondu. Qu'est-ce donc? Tout simple-
337 1127 1603 1195 ment quelques filets de boeuf.- Et ici encore même impuissance
340 1201 1640 1257 à vous décrire ce qu'on entend par un filet de boeuf, bien choisi,
337 1261 1561 1323 d'abord, d'un oeil exercé, chez un boucher de confiance, puis
339 1327 1563 1395 bien cuit, ni trop cuit ni trop peu, sur un feu vif, présenté
337 1396 1603 1461 sur un plat bien chaud, et n’attendent qu’un couteau bien tran-
337 1457 1645 1525 chant pour vous révéler ses vertus. Le voilà rose, non pas rouge,
339 1521 1618 1585 et si parfumé que vous l’avez déjà jugé du regard et de l'odorat
335 1592 1616 1658 avant d'y avoir goûté. Mais ce filet, je me renseigne, ce n’est
339 1662 1577 1719 pas tout ; il faut donc n'en manger qu’un peu,- et tout de même
335 1726 1599 1785 encore un peu et un peu encore, mais pas trop, car il est suivi
333 1794 1579 1856 d'un gigot de mouton, encore agneau, dont il faut que je fasse
331 1860 1616 1924 connaissance, paraît-il. Il est précédé d’un verre de vin rouge
337 1915 1634 1999 vieux, accompagnement classique des viandes fortes, et d’un verre
