1755 2197
734 100 1676 177 Clermont-Créans. (Sarthe) le 11 septembre 1914
752 281 851 353 N° 4
589 408 936 483 Mon cher Butler,
472 540 1584 607 Les Allemands semblent avoir compris que les atrocités
377 607 1679 681 qui ont aggravé honteusement leur sanglante violation de la neu-
379 675 1641 750 tralité belge n'ont servi qu’à soulever l’indignation générale
377 748 1643 812 et, du même coùp à exaspérer les populations et les armées ad-
379 812 1643 882 verses ; on m’assure que, contrairement aux récits des journaux
381 889 1679 955 sensationnels, naturellement aussi empressés aujourd'hui à enve-
379 955 1586 1021 nimer la guerre qu’auparavant à la faire nâitre, les armées
379 1010 1685 1085 allemandes opérant en France répudient les ignobles excès du dé-
381 1082 1588 1146 but et respectent la vie et la propriété privées. Ce grand
382 1149 1665 1212 changement, si tardif soit-il, atténuera l’horreur de la guerre
381 1213 1588 1281 mais la France n'en ira pas moins, comme je vous l'ai écrit
384 1277 1624 1354 jusqu’à la dernière limite des sacrifices. Elle usera l’armée
381 1347 1608 1418 allemande et la détruira jour par jour en des combats qui se
382 1422 1646 1481 livrent partout, chacun s’y passionne et se prépare à la pour-
384 1481 1626 1558 suivre encore pendant des mois, jusqu’à ce que le militarisme
382 1558 1242 1627 prussien soit abattu une fois pour toutes.
483 1623 1648 1688 Les Belges que nous avons à Clermont-Créans, loin de nous
384 1686 1590 1748 être à charge comme je le craignais, se rendent utiles ; ils
388 1752 1667 1818 sont les très bienvenus à €rendre€ mesure qu’ils se font connaî-
388 1818 1648 1891 tre et apprécier comme de braves gens, on les emploie dans les
384 1885 1610 1958 maisons, dans les fermes, dans les champs ; on en demanderait
207 1980 1148 2050 à Monsieur le Président Nicholas Murray BUTLER
553 2035 730 2094 NEW-YORK
