1751 2197
697 122 818 166 - 4 -
296 183 1617 245 beaucoup si la commission devait élargir son terrain et se rendre
298 256 1518 309 en Russie, en Autriche, en Serbie, en Turquie, au Japon ? Et
300 314 1595 377 surtout aupr ès du Gouvernement allemand qu’elle risquera fort de
296 382 1174 446 prendre en flagrant délit de mensonge.......
516 450 1516 514 Ici je résume toutes les objections que j'ai déjà
296 518 1617 576 faites si souvent. Une enquête partielle est relativement facile
294 591 1617 655 mais insuffisante. Une enquête générale et compl ète pendant que
296 657 1595 719 la guerre dure encore, n'est concevable qu’avec l'assentiment et
294 723 1631 781 sur la demande expresse de tous les Gouvernements intéressés, com-
294 781 1631 853 ment attendre cet assentiment des Gouvernements allemand et autri-
298 853 1615 922 chien, puisqu’il sont les agresseurs ? Autant les prier de signer
293 913 1609 979 eux-mêmes, par avance, leur propre condamnation. A supposer pour-
296 981 1630 1049 tant, par impossible, que vous obteniez un assentiment général, la
294 1056 1611 1113 commission devra préciser les faits, c’est-à-dire les accusations
291 1114 1628 1186 monstrueuses et vraies qui résultent déjà de la seule vue des jou-
291 1190 1628 1255 naux illustrés ; elle ne pourra contenter les uns qu’à la condition
289 1255 1615 1327 de mécontenter les autres ; elle brouillera les Etats-Unis avec la
289 1323 1650 1387 la France si elle se refuse à les brouiller à fond avec l’Allemagne
289 1385 1591 1446 et inversement. En réalité, sa tache sera impossible. Déjà nous
289 1448 1622 1512 n’avons pas pu éviter€é€ les ressentiments d’une partie des belligé-
287 1519 1545 1576 rants dans la guerre des Balkans, mais il s’agissait seulement
287 1583 1675 1653 alors des Balkans.... La colère des plus grands Etats Européens c’est
289 1653 1620 1720 tout autre chose... Et si la commission ne se réunit que pour ob-
287 1717 1566 1781 server des ménagements diplomatiques, elle fera mieux de rester
285 1785 1278 1841 aux Etats-Unis. Elle désappointera tout le monde.
505 1850 1600 1920 C'es objections sont, à mon avis, décisives quant à la
283 1911 1571 1991 réunion d'une commission d’enquête générale. Reste à savoir si,
