1744 2197
741 89 868 153 - 2 -
362 177 1547 256 parce qu’il ne veulent pas les envoyer dans l'intérieur de
366 243 1590 324 leur pays, où les Russes viendront les délivrer et les armer
364 309 1650 386 de nouveau contre eux. Ces blessés reviennent, en effet, telle-
366 382 1531 452 ment indignés de la barbarie des Allemands que la plupart
366 443 1569 516 d’entre eux sont impatients de repartir au feu, d’aller dé-
370 521 1571 593 fendre ou venger leurs camarades. En dépit du succés actuel
370 578 1613 659 des armées allemandes, je ne vois pas trace, heureusement, de
373 653 1630 726 découragement dans les nôtres ; au contraire, chacun se dit que
371 715 1575 792 l’invasion est un crime qui ne peut pas triompher et qui ne
373 785 1617 867 triomphera pas ; chacun est prêt à tout donner et donnera tout
373 849 1634 928 pour les repousser. J’en suis réduit a souhaiter que le carna-
375 926 1632 995 ge continue indéfiniment plûtot que de voir mon pays et la ci-
377 983 1599 1060 vilisation subir la domination prussienne. C’est vraiment la
377 1049 1672 1127 paix que nous défendons. Mais, d’autre part, les Allemands avan
377 1118 1661 1201 çant de combat en combat, de massacre en massacre, d’incendie/en
379 1180 1679 1261 incendie, ne peuvent plus reculer ; il leur faut avancer toujours
377 1259 1544 1318 ou disparaitre ; déjà leurs pertes sont énormes ; c’est une
381 1331 853 1400 guerre d’extermination.
578 1384 1582 1451 Le Pire, je l'ai toujours dit, - mais c’est bien
381 1459 1579 1532 pis que je ne le pensais -- le pire est que chacun des com-
382 1519 1584 1594 battants, pour la plupart incapables de méchanceté en temps
382 1590 1645 1653 ordinaire, est maintenant voué à l’œuvre horrible de la haine
384 1649 1586 1726 et des représailles ; et bien plus que les combattants leurs
384 1728 1645 1797 enfants, leurs orphelins, tous ceux qui vont maintenant rester
386 1788 1694 1865 en deuil. Comment attendre, par exemple, de ma sœur, qui vit ici
384 1854 1608 1922 avec ses petits enfants, et qui est la douceur et l’humanité
386 1926 1626 1991 même, qu’elle leur interdise de souhaiter la mort de l'ennemi
390 1999 1588 2065 qui menace leur père et, si leur père est tué, de consacrer
