1749 2197
181 228 421 311 SÉNAT
697 172 1003 239 LETTRE N° 495.
1020 263 1472 349 PARIS, le 5 mars 1919.
543 443 1131 545 LE MAJOR DOUGLAS W. JOHNSON.
827 644 1159 701 Mon cher Butler,
336 829 1618 902 sympathique collègue le Professeur Douglas W. JOHNSON qui a fait
531 763 1615 834 Nous avons été heureux d’accueillir à la maison, votre
338 897 1600 959 l'objet de votre lettre du 13 Décembre dernier. Nous avons reçu
338 961 1637 1032 de même M. FINCH, et l'avons trouvé très agréable. Nous recevrons
338 1028 1553 1096 ces messieurs tous ensemble un de ces jours rue Pierre-Curie.
338 1083 1543 1164 La difficulté est de trouver le temps nécessaire. Je préfère
338 1162 1637 1224 d’ailleurs, en ce moment surtout, quand je le puis et dans la me-
320 1222 1589 1298 sure où nous le pouvons, recevoir nos amis américains et autres,
340 1292 1303 1367 en famille, à la maison. Cela est indispensable.
912 1422 1487 1484 Votre affectueusement dévoué
1051 1504 1391 1587 ££
186 1647 994 1722 à Monsieur le Président N. Murray BUTLER
426 1728 600 1799 NEW YORK
