1745 2197
873 126 985 186 - 3 -
402 252 1638 325 39 millions d'habitants, nous avons 1.385.000 soldats et marins
401 333 1600 391 tués, sans compter les disparus. Il y a, en outre, beaucoup
399 395 1602 454 plus de 2 millions de blessés, malades ou invalides, soit un
399 465 1636 525 total qui n'est pas loin de quatre millions d’hommes manquants
397 527 1530 585 ou invalides, sur neuf millions de Français mobilisés....
732 591 1144 648 Comprenez bien ceci:
730 662 1598 715 Non seulement quatre millions, c’est-à-dire
397 725 1561 785 plus de 10 $ des Français, la partie la plus robuste et la
397 789 1576 849 plus active du pays ne travailleront plus, ou travailleront
397 856 1625 919 peu, mais le reste de la population devra travailler pour eux,
399 931 1614 986 les servir avant de se servir. Et ce sera juste. - Sera-€t€-ce
558 900 802 942 ££ ££ ££ ££
397 997 1538 1050 possible ? Tout est là. On évalue le chiffre annuel des
397 1054 1651 1114 pensions à prévoir à 4 milliards et, sur ces pensions trop jus-
397 1120 1580 1182 tifiées, nul n'osera proposer de faire des économies. Bien
397 1190 1607 1248 plus, et même avec économie, il restera quantité de "secours"
397 1252 1593 1310 imprévus et inévitables, des soins médicaux, chirurgicaux et
397 1323 1614 1382 pharmaceutiques nécessités par la blessure ou la maladie con-
395 1385 1680 1446 tractée ou aggravée, etc... etc...etc.... Et parmi ces maladies,
401 1462 1550 1508 il est des affections internes à longue échéance, dues aux
1450 1428 1583 1484 ££
399 1517 1638 1580 intoxications par les gaz, et dont il est impossible d'évaluer,
391 1585 1576 1640 nous dit-on, les conséquences financières. Les dépenses de
393 1660 1576 1719 première urgence vont être, en France, les cimetières et/les
391 1717 1472 1772 hopitaux. Ce n'est pas tout ; il est impossible aussi
393 1785 1633 1845 d'évaluer quel sera le nombre des parents, enfants, ascendants
395 1852 1585 1911 ou autres qui auront droit aux pensions ; et ainsi de suite.
