1729 2197
853 135 970 194 - 2 -
335 303 1573 366 terrible dont ils ne pourraient sortir que par les sacrifices
335 377 1168 439 mêmes qu’ils sont décidés à ne pas faire.
674 432 1609 505 Quoi qu’il en soit, c’est à eux que la majori-
335 503 1490 571 té du pays, grâce aux divisions et à la faiblesse et à la
335 578 1571 629 désorganisation des cadres des républicains, vient de confier
333 638 1549 695 la lourde tâche de rétablir notre situation intérieure et de
335 712 1069 768 fortifier nos relations extérieures.
668 776 1608 829 Les socialistes ont enlevé aux républicains un
335 845 1586 895 grand nombre de voix, faute desquelles ont triomphé les candi-
335 917 1470 970 dats de concentration à droite. Voilà, en fait, un parti
333 970 1547 1038 conservateur au pouvoir. Nous verrons ce qu'il donnera. Il
335 1049 1527 1103 est à peu près constant, en France, qu’après chacune de nos
333 1113 1544 1169 grandes guerres, la réaction profite du désordre des esprits
333 1168 1602 1232 et des choses. Le désespoir du pays est sa ressource. Cela ne
331 1239 1492 1299 dure pas. Nous en avons eu la preuve, après 1815 et 1871,
329 1303 545 1367 notamment.
670 1369 1604 1435 Il est vrai que les partis d’avant-garde, sur-
331 1448 1562 1501 tout s’ils sont compromis par des violents, s’effondrent plus
329 1506 1600 1570 vite encore au pouvoir, témoin le sort de notre admirable révo-
331 1583 1159 1642 lution de 1848, prélude du Second Empire.
664 1638 1562 1708 Ce qui revient à dire, une fois de plus, que
326 1704 1591 1770 nous sommes le pays de l'ordre, de la mesure et que, chez nous,
329 1770 1564 1836 toute violence se paie. Malheureusement, c’est la France qui
327 1839 1500 1909 paiera le prix de ces catastrophes successives et toujours
327 1907 523 1971 répétées.
