1745 2197
939 155 1078 214 - 13 -
917 272 1680 347 Je rapproche vos réflexions d’aujourd'
422 285 781 353 M. LE PRÉSIDENT, -
424 344 1609 413 hui de ce que vous nous disiez lors de l'Assemblée Générale
426 417 1534 474 de la Conciliation, en 1917. Vous estimiez alors à dix
428 485 1528 538 le nombre des personnes voyant clair en Allemagne......
921 578 1609 644 Disons qu'il y en a 20 aujourd’hui
422 578 747 653 M. O. NIPPOLD,-
428 644 1098 710 et nous serons dans le XXXX vrai.
1135 745 1452 800 (exclamations ).
426 834 1669 917 M. Th. RUYSSEN,- (rappelle à ce propos un regrettable article
428 911 1591 968 du Dr. Quidde, au sujet des responsabilités de la guerre ).
426 992 1574 1072 M. J.J. PRUDHOMMEAUX. - Le plus triste est que M. Quidde
426 1078 1554 1149 a trouvé bon nombre de partisans, puisqu’il vient d'être
430 1149 1572 1199 élu au Reichstag, ainsi que M. W. Schucking, un autre pa-
430 1210 1631 1277 cifiste, dont l’opposition à l’impérialisme germanique a été
428 1283 878 1334 singulièrement timide.
921 1374 1647 1437 En dehors du Professeur FOERSTER, le
430 1378 726 1446 M. O.NIPPOLD -
428 1442 1613 1506 pacifisme allemand a fait cause commune avec le militarisme
430 1510 1613 1567 allemand. C'est ce qu'il y a de profondément triste. Tous
492 1552 567 1600 sur
432 1574 1593 1633 ceux qui, jadis, nous pensions pouvoir compter, ont tenu à
428 1647 1534 1700 défendre leur Gouvernement ; aucun n'a eu le courage de
430 1702 1554 1772 FOERSTER ou de GRILLING, démontrant à l’Allemagne que le
426 1766 1175 1832 Droit ne se trouvait pas de son côté.
922 1869 1589 1927 N'oublions pas que nous avons eu,
430 1874 780 1948 M. LE PRÉSIDENT.-
