1759 2197
945 140 1062 190 - 4 -
371 274 1577 336 ait été surpris, car je ne parlais pour personne ; je parlais
370 344 1638 406 pour l'acquit seulement de ma conscience et pour ne pas laisser
366 410 1594 463 passer sans protester, - tout en votant ue Traité qui finit la
368 477 1154 540 guerre, à la déception de cette guerre.
661 536 1594 602 C'est un signe des temps qu’à moins d'un an de
368 598 1590 671 l’armistice, on se mette à juger déjà, sinon les hommes, tout
364 670 1013 737 au moins les faits de la guerre.
659 730 1535 805 Bientôt viendra le tour des origines et des
366 800 1572 860 responsabilités. Et c’est alors qu'apparaîtra le devoir tel
368 865 1645 941 qu'il a fallu le remplir avant et pendant la guerre. Attendons.
958 974 1542 1047 Votre affectueusement dévoué,
855 1071 1465 1149 ££
221 1327 1167 1404 à Monsieur le Président Nicholas Murray BUTLER,
632 1402 848 1477 NEW-YORK.
240 1601 392 1658 Annexe.
