1754 2197
743 97 871 150 - 6 -
368 192 1631 263 les Etats-Unis d’Europe, avec le désarmement, ou tout au moins
368 259 1625 329 les armements limités à ceux d’une force collective de police.
567 329 1504 391 Si tel doit être le dénouement de la tragédie,
368 393 1550 461 c'est assez dire que l’humanité reprendra sa route dans la
368 463 1602 538 voie où nous voulions et où on pouvait l’engager sans guerre.
567 538 1494 595 Rien, dans les catastrophes actuelles, ne nous
369 593 1613 664 donne tort ; tout au contraire, justifie notre dévouement pas-
371 664 1634 735 sioné, notre vision des malheurs que nous avons voulu prévenir
371 739 1629 805 Notre seul tort aura été d’avoir raison en trop petit nombre.
373 805 1656 865 Si les égoïstes qui, maintenant, vont se plaindre avaient grou-
369 867 1596 939 pé leurs forces autour de nous contre les puissances de men-
373 935 1616 1001 songe et de domination, la guerre n’aurait été ni possible ni
373 1001 1537 1071 concevable. Votre généreux pays est moins égoïste et plus
375 1071 1618 1142 clairvoyant que le vieux monde ; ce sera son honneur et sa ré-
375 1146 1072 1210 compense, dans un avenir prochain.
574 1199 1675 1261 Ecrivez moi en duplicata à Paris et à Clermont-Créans.
856 1266 1440 1340 Votre affectueusement dévoué
953 1358 1497 1435 D'ESTOURNELLES DE CONSTANT
214 1561 1157 1644 à Monsieur le Président Nicholas Murray BUTLER
503 1614 681 1678 NEW-YORK
