1735 2197
917 129 1016 184 - 3 -
304 294 938 357 d'embarras, le nom de Caillaux.
665 360 1636 422 J'ai saisi avec empressement cette interruption.
302 437 1659 490 Expliquons-nous donc, ai-je répondu. Qu’avez-vous à me reprocher ?
302 499 1581 556 Membre de la Haute-Cour, je n'ai pas à me prononcer sur le fond
304 569 1637 631 de l’affaire avant les débats ; mais j’ai le droit de dire que ces
305 635 1579 690 débats, on nous les fait attendre depuis 3 ans ; et que cela est
305 704 1615 768 inadmissible. Vous applaudissez, vous, auditeurs, à mes paroles ;
304 770 846 825 mais vous, M. de Nicolay ?
643 831 1236 891 Et M. de Nicolay m'a répondu:
643 898 1535 955 Vous attaquez donc les formes de la justice.
646 977 1577 1034 Non, je proteste contre les lenteurs qu'on lui
307 1043 459 1093 impose.
644 1103 1597 1169 Il faut/s'incliner, reprend tranquillement M. de
307 1169 483 1233 Nicolay.
644 1235 1577 1296 Alors, repris-je, vous laisserez pendant vingt
304 1298 1260 1360 ans un accusé sous les verrous, sans jugement ?
643 1371 1214 1424 Cela s’est vu, déclara-t-il,
641 1433 1599 1492 Oui, sous Louis XIV, ai-je conclu ; c’est là que
307 1503 844 1559 vous voulez nous ramener :
641 1563 1579 1633 On m'a applaudi fortement et on n’a plus parlé
302 1631 1656 1700 de l’affaire Caillaux ; le lendemain j'ai eu la majorité dans cette
304 1708 1606 1757 commune, mais non dans les autres où j'ai perdu beaucoup de voix.
643 1774 1537 1825 Dans d’autres cantons de l’arrondissement de
304 1834 1498 1904 La Flèche passent de même les principaux hobereaux, tenus à
305 1904 681 1968 l'écart jusqu'ici.
