1745 2197
849 164 955 247 - 4 -
349 302 1545 369 le Général SEBERT, Sir Robert BORDEN, les professeurs CESTRE,
364 346 937 391 de LAPRADELLE, etc...., etc....
353 433 1611 497 celles du Boulevard Saint-Germain, - notre filiale ; - elles ont
549 373 1629 428 Les demoiselles du Bureau faisaient les honneurs, avec
349 505 1625 567 contribué à sauve/garder son existence, ne l’oublions pas ; elles
346 573 1642 633 s'y sont ainsi attachées, par un sentiment né de l’oeuvre même du
346 633 1627 706 bureau ; elles ont compris l’intérêt obscur mais certain de XXX
346 699 1684 767 leur collaboration à cette oeuvre ; elles s'y sont attachées par in-
342 772 1657 844 dépendance, par amour-propre, par émulation, s'élevant, peu à peu
346 838 1682 898 comme l’œuvre elle-même, au-dessus de l’ignorance ou de la légère-
344 908 1662 977 té de l'opinion courante, avec le niveau de leur tâche, fortifiées
342 974 1625 1045 par leur résistance silencieuse aux difficultés, ennoblies enfin
336 1036 748 1093 par leur dévouement.
536 1109 1671 1179 Je me disais, et c’était, je crois, le sentiment général,
338 1168 1580 1237 et ce serait le vôtre si vous aviez été avec nous nier que ce
336 1241 1657 1312 modeste petit bureau, resté vivont, familial à travers cinq années
335 1307 1675 1380 d'une crise sans égale, faisait honneur à notre effort: il justifie
333 1371 1598 1446 par son succès, notre foi commune de la première heure, dans la
335 1440 1631 1517 coopération franco-américaine, dans l'efficacité décisive du l'i
333 1503 979 1574 déalisme organisé et bien servi.
825 1614 1402 1678 Votre affectueusement dévoué
849 1684 1424 1750 ££ ££ ££
170 1763 979 1843 à Monsieur le Président N. Murray BUTLER
377 1836 576 1913 NEW YORK
