1762 2197
728 131 1027 221 LETTRE N° 573.
1087 208 1606 274 PARIS, le 18 octobre 1919
710 377 1271 441 SXNXXXXIXENXIXSXNXXYX
794 340 1190 393 CONDITIONS
421 444 1474 523 de l'INSTALLATION de l'ASSOCIATION FRANCAISE pour la
756 510 1153 574 SOCIETE des NATIONS
785 584 1144 648 rue Pierre-Curie
842 741 1177 805 Mon cher Butler,
368 937 1707 997 copie de la lettre que je reçois de M. Paul APPELL et de ma réponse
542 869 1600 939 A l’appui de ce que je vous écrivais hier, voici une
368 1005 1670 1074 concernant l'installation rue Pierre-Curie de l'ASSOCIATION FRAN-
368 1072 1633 1142 CAISE POUR LA SOCIÉTÉ DES NATIONS. Les conditions de cette ins-
369 1147 1250 1201 tallation sont précisées comme il convenait.
545 1208 1652 1261 Je veillerai à ce qu’elles soient observées. Il en sera
368 1270 1591 1332 de même pour l’installation prochaine de la Bibliothèque à la
368 1343 1690 1406 place du bureau de M. PUECH qui remontera d’un étage. Tout cela va
369 1402 1653 1477 se faire en quelques semaines, pendant que je serai pris par nos
369 1468 1117 1534 élections dans la Sarthe et ailleurs.
547 1528 1674 1605 J'ai pensé que pour alléger la contribution du bureau de
369 1609 1635 1675 la DOTATION, la Conciliation en paierait la moitié, soit chacune
373 1677 650 1731 1.000 francs.
849 1731 1424 1799 Votre affectueusement dévoué
157 1839 771 1911 à Monsieur le Président BUTLER
360 1885 538 1964 NEW YORK.
884 1821 1289 1913 ££
