1741 2197
733 75 846 137 - 6 -
379 168 1658 239 videntil que peut jouer votre pays. C’est ce que j'avais expo-
381 234 1642 313 sé, avec une passion réfléchie, dans mon livre, hélas! profané
383 302 1279 377 et abandonné aux mains d’un éditeur sauvage.
579 443 1662 510 Nous sommes à Créans avec ma femme et sa petite fille
386 507 1623 567 et nos enfants ; nous avons réuni autour de nous ma soeur, Ma-
386 584 1643 644 dame de Saint-Gervais, dont vous connaissez, je crois, le fils
386 649 1587 708 ou le gendre, tous deux officiers dans l’Est, et ses petits
386 712 1585 767 enfants ; ma fille, Madame le Guillard, est ici également en
388 785 1698 842 convalescence ; son mari, simple soldat, est avec les autres, nous
384 844 1603 898 ne savons où : François était parti. Il est revenu pour quel-
386 909 1605 974 ques jours, à cause de son âge, qui, je l’espère, le tiendra
386 977 1645 1038 éloigné de la frontière. Il est, avec moi hélas! le seul homme
386 1041 1605 1102 qui reste à Créans. Je fais de mon mieux pour acquitter de
384 1113 1621 1175 mes devoirs de sénateur de la Sarthe, notamment pour la gran-
386 1177 1587 1241 de question du ravitaillement de l’armée et des populations
384 1241 1684 1307 indigentes, après avoir assisté, à Paris, à la réunion vraiement
386 1316 1643 1376 magnifique de notre Parlement et aux funérailles de notre mal-
386 1376 1664 1444 heureux coll ègue et ami Jaurès. Voici les textes des paroles que
386 1451 1539 1515 j’ai prononcées ; elles résument le sentiment de nos amis.
788 1508 1407 1572 Votre bien cordialement dévoué
925 1576 1467 1647 d'ESTOURNELLES DE CONSTANT
388 1671 1645 1737 P.S. Ci-joint également quelques extraits d'une lettre du pau-
390 1720 1603 1781 vre la Fontaine. -- Je reçois l’exemplaire anglais du Rapport
388 1752 782 1816 des Balkans. Merci.
