1734 2197
875 133 964 192 - 3 -
324 250 1583 325 Gouvernement d’union sacrée, anti-socialiste, est plus ou moins
329 324 1525 389 anti-démocratique et perd par là tous les avantages naturels
325 388 1561 452 que nous pouvions tirer de notre résistance héroïque à l’auto-
324 454 1523 514 cratie". O paradoxe! combattre l’autocratie chez les autres
322 521 1541 587 et la d/émocratie chez nous!! Mais, tout de même, et surtout
320 595 1600 657 après les souffrances et les expériences de la guerre, la France
322 657 1580 723 restera la France. Que pensera-t-elle, intelligente comme elle
320 725 1556 779 l'est, si elle constate qu 'on a fondé une société des Nations
320 789 1576 851 dont elle sera la dupe ou la victime, et qu’elle est expropriée
318 853 1452 915 de ses traditions séculaires par ses propres alliés ....
653 919 1437 984 Une grande déception suivra la guerre.-
313 983 1593 1056 Bourgeois m'a parlé de son intention de protester, d'accord avec
318 1058 1578 1120 Clemenceau, si on ne tient pas compte de ses avis. Il a raison
314 1116 1550 1180 et Clemenceau aussi a raison sur les trois points que je viens
311 1190 1569 1254 d’indiquer. Qu'on y prenne garde : les discussions personnel-
311 1255 1455 1316 les d'hommes politiques sont superficielles ;- la période
311 1316 1528 1380 transitoire de l'armistice est passagère ; - les hommes et les
309 1387 1490 1448 choses passeront. Clemenceau, Bourgeois, comme le Président
307 1453 1527 1521 Wilson passeront ; mais, si leur oeuvre n'est pas durable, les
307 1515 1029 1576 déceptions resteront et les dangers.
640 1585 1464 1647 C'est ce que je me suis décidé à écrire à
300 1644 1464 1719 Lloyd George par la lettre personnelle ci-jointe, que j’ai
302 1715 1481 1770 communiquée au Président Wilson, au colonel House à Arthur
300 1748 1578 1805 Balfour et à Lord Robert Cecil en m'autorisant de mes relations
302 1788 1495 1841 anciennes avec eux, cela dans l'intérét de Bourgeois, qui ne
302 1818 1556 1871 m'en saura peut-être pas gré, et de Clemenceau, et de la Confé-
300 1849 1497 1909 rence, dont je ne fais pas partie, malheureusement, mais que
305 1887 1181 1951 je tiens à servir quand même et malgré tout.
908 1949 1484 2015 Votre affectueusement dévoué,
100 2028 900 2101 Monsieur le Président N.Murray BUTLER.
450 2085 651 2142 NEW-YORK.
957 2017 1409 2109 ££
