1747 2197
822 142 1120 217 LETTRE N° 589.
278 335 512 421 SENAT
1076 400 1580 481 PARIS, 18 Novembre 1919.
576 595 1239 677 LES ÉLECTIONS DU 16 NOVEMBRE.
518 668 1334 750 DÉMOBILISATION et DÉSORGANISATION .
913 845 1254 904 Mon cher Butler,
320 1067 1554 1144 ce qu'on pouvait attendre et du scrutin de liste et du lende-
657 999 1560 1067 Les élections législatives générales donnent
316 1133 695 1208 main de la guerre.
316 1274 1631 1342 régime électoral a favorisé des coalitions d'égoïsme contre toute
653 1201 1593 1266 Loin d'être un scrutin de moralité, le nouveau
314 1343 1593 1409 aspiration généreuse. Ceux qui ont souhaité ou laissé venir la
314 1407 1607 1468 guerre veulent absolument aujourd’hui que cette guerre n'ait pas
313 1470 1620 1539 pour lendemain une déception. Or cette déception est inévitable.
314 1541 1549 1609 On aura beau grouper pour la dissimuler tous les partisans de
314 1600 1589 1675 l’ordre, il n'en faudra pas moins découvrir en France la vérité
313 1671 1508 1739 que les faits vont nous révéler. Comment s'y prendront les
314 1735 1587 1807 partisans de l'ordre pour mettre fin ou pour apporter seulement
309 1810 1613 1871 un remède efficace à la dépopulation, à l’infériorité économique,
309 1867 1485 1942 à la pénurie financière....? Ce sera pour eux une épreuve
168 2024 1117 2098 à Monsieur le Président Nicholas Murray BUTLER.
