1740 2197
787 104 910 151 - 6 -
564 197 1243 261 Mais il ne faut pas nous presser.
567 252 1567 325 Gardons-nous de sortir de notre rôle d’éducateurs,
364 322 1626 393 et de nous laisser entrainer à substituer notre effort de per-
364 395 1604 463 suasion à l'action gouvernementale. Ne nous pressons pas. Les
364 466 1657 529 Etats-Unis, si éprouvés qu’ils soient indirectement par la guer-
364 521 1606 591 re, n’en vont pas moins profiter de cette terrible expérience
364 602 1604 668 pour banir toute velléité de retour aux caricatures roosevel-
366 660 1657 725 tistes de l’impérialisme napoléonien, britannique ou germanique.
564 728 1600 798 Vous, Americains, vous avez condamné et exécuté, i-
362 801 1620 867 y a plus d’un siècle, l’impérialisme britannique ; l’Europe en-
362 858 1642 935 suite a condamné et exécuté l’impérialisme napoléonien ; elle va
362 930 1655 1001 maintenant condamner et exécuter l’impérialisme germanique ; pro
362 999 1544 1056 fitez de cette triple expérience pour en finir, dans votre
357 1063 1578 1125 pays, avec l’impérialisme, et pour rendre à l'Europe cet in-
362 1125 1617 1197 calculable service de lui donner votre bon exemple. Cet exem-
357 1197 1578 1261 ple sera plus efficace qu’une intervention précipitée ou su-
357 1265 1657 1331 perficielle,si bien intentionnée soit-elle. Gardez-vous, en tous
357 1334 1576 1398 cas, d’apporter à l’Europe un secours d’opportunisme au lien
358 1398 1595 1468 d’une intervention de principe ; n’essayez pas surtout de pro-
358 1470 1575 1526 fiter de je ne sais quelle circonstances pour préconiser une
357 1523 1555 1600 paix boiteuse et sans lendemain. L'opinion, jusqu’à présent
355 1596 1655 1664 unie, se divisera et se déchirera si la guerre ne cesse que pour
355 1660 1593 1724 cesser, par lassitude et par goût du bien-être ; elle n’accep-
355 1728 1613 1797 tera qu’une paix supérieure, sans humiliation inutile pour les
355 1801 1571 1871 vaincus, (nous n’allons pas recommencer la faute irréparable
355 1867 1551 1929 du Gouvernement Allemand en 1870-71 et réhabiliter, à notre
355 1926 1529 1999 tour, l’esprit de conquête que nous combattons), mais sans
353 1997 1529 2067 sacrifice non plus d’aucun des principes qui ont groupé la
