1759 2197
914 157 1035 205 - 24 -
329 280 1650 346 la guerre, vos officiers ont eu l'intelligente initiative de faire
331 360 1573 417 visiter nos fermes, dans cette région, par leurs hommes et ces
331 413 1632 477 visites ont eu, me dit-on, les meilleurs effets. De La Ferté, je
331 485 1610 538 suis allé à Montmirail, le bien nommé. De là encore, des ruines
329 545 1592 607 d'un de ces vieux châteaux qui furent si nombreux et finalement
327 622 1612 675 si détestés, comme des nids d'aigles, on domine des vallées, des
329 682 1630 743 jardins, des bois ; et, comme les seigneurs d'autrefois, la popu-
329 745 1610 801 lation s'est fait là une vie d'isolement relatif, assez loin des
327 811 1592 871 grands centres pour rester elle-même. La fidélité du canton de
327 873 1630 937 Montmirail à nos idées est inébranlable, encore que ses meilleurs
326 944 1610 1001 représentants, mes amis le Député Laroche et le Sénateur le Che-
322 1003 1647 1069 valier, aient malheureusement disparu. De Montmirail, je suis re-
326 1082 1619 1146 descendu dans le pays ; je me croyais en aéroplane, en vol plané,
326 1153 1588 1201 glissant en silence vers l'horizon infini des douces plaines et
327 1212 1647 1274 des collines boisées ; c’était une succession de plans très XXXX
329 1268 1579 1340 verts d'abord, puis d'un ton plus doux, plus fin, plus éloigné,
326 1336 1588 1406 jusqu’au bleu ; et mon auto descendait si vite qu’elle semblait
326 1404 758 1468 plonger dans ce bleu.
681 1466 1649 1537 A Montmirail, j'avais trouvé des amis, des popu-
326 1541 1610 1594 lations tout à fait pénétrées des mêmes sentiments qu’à Mamers. a
326 1600 1617 1666 Vibraye où j'arrive ensuite, c’est l’arrondissement de St-Calais,
326 1675 1625 1733 séparé de son voisin par une grande forêt que je traverse. C'est
324 1737 1625 1803 un autre esprit, d'autres gens, plus raisonneurs peut-être, comme
324 1797 1628 1861 leurs voisins tourangeaux ; la nuit m'est pas encore tombée quand
