1733 2197
859 168 983 234 - 3 -
390 294 688 367 d'un scandale.
553 367 1524 432 Prenons l'arrêt de l'offensive du 16 avril 1917.
551 428 1590 490 Toute l’armée, toute la France et ses alliés atten-
392 499 1679 558 daient cette offensive libératrice depuis six mois. Bien conçue,
392 562 1641 635 assez bien préparée, elle traîne en longueur, elle est gâchée,
393 638 1590 692 elle échoue. A qui la faute? Aux généraux qui l'ont gâchée?
392 706 1661 763 Non! Au Parlement et au Ministère qui l'ont arrêtée, parait-il,
393 768 1687 838 en plein succès. En plein succès ? Comment cela? puisqu’elle tour-
392 845 745 904 nait au désastre.
553 902 1610 970 Et alors il faut s’ingénier à fournir des preuves au
393 970 1646 1039 public entretenu par la censure dans une ignorance patriotique
393 1050 1183 1102 sans doute mais d’autant plus complète.
555 1109 1588 1173 Et c'est alors que les trois ou quatre journalistes
399 1179 1608 1239 français trouvent des complices parmi leurs dignes collègues
393 1248 1678 1307 correspondants de journaux étrangers à Paris, anglais, italiens,
393 1316 628 1374 américains.
551 1373 1668 1440 Grâce à ce bel accord, la nouvelle d/e la trahison par-
393 1450 1648 1504 lementaire, la soi-disant cause de l'échec du 16 avril, arrive
393 1517 1624 1569 à Paris des Etats-Unis. C’est M. WYTHE WILLIAMS qui se charge
392 1578 1602 1633 de déposer l'oeuf dans la revue hebdomadaire "The colliers'"
395 1649 1586 1702 Cela fait, on en télégraphie des extraits sensationnels aux
393 1711 879 1775 quatre points cardinaux.
553 1775 1667 1834 Les journaux français, XX qui attendent en silence le
392 1845 1667 1905 retour de la fausse information lancée par eux, la reproduisent
393 1920 1687 1988 et l’amplifient à XXXXX qui mieux mieux. Et voilà comment s’est
