1754 2197
730 65 855 135 - 5 -
371 157 1638 241 bases plus précises et plus solides que par le passé, avec les
377 234 1678 305 sanctions ou tout au moins le maximum de précautions nécessaires
373 291 1603 375 dans une Europe fédérée. Tout ce que nous avons ébauché à la
373 364 1541 441 Haye, loin d'être perdu, servira d’assises à l’édifice de
377 444 933 505 cette fédération pacifique.
582 496 1644 567 Sur ces trois points on peut prévoir unanimité pres-
377 565 1624 638 que compl ète ; mais la division commencera quand il s’agira de
378 638 1543 703 distinguer entre l’Allemagne et l’Empire, entre le peuple
378 703 1642 776 allemand qui a le droit de vivre et l’Empire allemand qui fai-
382 772 1622 845 sait obstacle au droit de vivre ; la division commencera quand
382 845 1587 908 on verra les uns réclamer l’humiliation de l’Allemagne, les
382 904 1607 979 autres la ruine de l’Allemagne, peut-être même le partage de
384 975 1607 1045 ses colonies, de ses dépouilles. Dans cette voie, la France
384 1041 1666 1109 qui a défendu la paix défendra, j’en suis sûr, aussi la justice
384 1105 1688 1180 mais la justice ne triomphera pas non plus sans peine. Et c’est
384 1171 1645 1246 alors que les Etats-Unis rendront grand service, si les Etats-
384 1243 1569 1303 Unis ont conservé, comme on l’a vu dans la crise Mexicaine
388 1312 1581 1380 si décisive, leur autorité morale et leur désintéressement.
587 1382 1591 1444 Dans les extraits de journaux américains que vous
386 1439 1572 1514 m’avez envoyés j’ai lu, avec une inquiétude que vous aurez
384 1506 1667 1585 peut-être partagée, un article inspiré de cet état d’esprit qu'
386 1574 1699 1644 après tout les Etats-Unis seraient "les bénéficiaires de la guer-
386 1645 1596 1722 re Européenne:; on démontre en effet très facilement que les
389 1720 1613 1779 Etats-Unis profiteront de la guerre pour enlever au commerce
391 1772 1583 1841 allemand sa clientèle dans les trois Amériques, etc. etc. .
391 1854 1488 1915 C'est un raisonnement dangereux qui n’est pas nouveau.
596 1909 1603 1980 Si la guerre a conservé tant de partisans tenaces,
393 1977 1656 2050 cela tient à ce qu’elle répond au tempérament de bien des gens
