1719 2197
696 87 810 135 - 2 -
196 175 1519 241 qu’un article plus qu’inefficace du plan d’intimidation de l’armée
194 252 1499 313 allemande ; il y a en outre ce qu'on ne voit pas et que je me suis
194 320 1594 375 fait expliquer à Senlis par des habitants respectables et ce que con-
196 382 1565 443 firment mot pour mot des milliers de témoins et, notamment, ma nièce,
194 452 1532 508 Mme Petiton et Mard arrivant de Lunéville et de Vitry-le-François,
192 518 1372 576 mes blessés et mes réfugiés de Créans, tout le monde enfin.
293 584 1497 638 Il y a les incendies, les bombardements, le pillage des mai-
194 644 1497 708 sons et des monuments, mais il y a en outre les fusillades et les
192 712 1213 770 assassinats des personnes, hommes, femmes, enfants.
291 778 1196 831 Un mot d'abord des incendies et des pillages.
339 816 386 862 n'
291 847 1456 906 Il est besoin d’aucun témoignage pour comprendre, à Senlis
188 917 1596 968 par exemple, comment la ville a été pillée, brûlée, maison par maison€s€
190 979 459 1045 et par ordre
293 1032 1550 1098 Dans la grande que de la République, longue de deux kilom ètres,
188 1103 1554 1169 deux maisons seules sont restées debout ; l'une parce qu’elle servait
190 1175 1473 1233 de quartier général à l'Etat Major allemand, l'autre, l'hôtel du
190 1244 1590 1296 Grand Cerf, où les officiers prenaient leurs repas. Toutes les autres
188 1305 1572 1360 ont été pillées et brûlées. Pillées comme l'a été, à Villers-Cotteret
190 1367 1528 1426 le Château de Gaston Menier, qui m'en a parlé, et de la mani ère que
186 1442 1473 1499 voici: L’armée d’invasion allemande est accompagnée de fourgons
186 1499 1511 1563 où les officiers déménagent tout ce qui leur paraît mériter d'être
188 1574 1541 1633 emporté, bronzes, tableaux, tapisseries, curiosités, vins, liqueurs,
186 1636 1460 1688 etc.etc. Des experts, des antiquaires connaissant bien la France,
188 1697 1550 1757 où ils ont vécu en grand nombre, et la valeur de ses richesses, leur
188 1770 1596 1830 servent de guides. Le pillage d’ordinaire est suivi de l’une ou l'autre
188 1838 1546 1894 et souvent de l’une et de l’autre de ces deux opérations ; d’abord le
188 1904 1521 1960 soldatesque arrache, brise ou détruit bout ce qui n’est pas enlevé:
