1740 2197
838 170 948 241 - 4 -
534 305 1582 377 Toujours par la discipline personnelle à la base, et
397 375 1639 439 par le courage de se surveiller soi-même. Tout homme qui s’est
384 448 1648 507 abandonné aux risques d’une rencontre galante doit se présenter,
386 503 1586 563 dans les trois heures qui suivent la rencontre, au service de
384 574 1620 635 prophylaxie ; là, par un traitement préventif infaillible, s’il
384 646 1576 703 est appliqué à temps, tout danger de maladie vénérienne est,
382 708 1606 765 m’assure-t-on, conjuré. C’est déjà ce que vous obteniez XXXXX
382 772 1520 831 dans votre marine. Mais à terre, c'est une autre affaire.
536 833 1637 898 Le soldat reconnu malade et qui ne s’est pas présenté à
382 900 1679 970 temps au service prophylactique est puni, puis condamné à l'isole-
380 972 1600 1034 ment le plus sévère jusqu’à guérison complète ou évacué si la
377 1028 868 1098 guérison est incertaine.
534 1102 1637 1169 J'ai interrogé un médecin français qui s’efforce, comme
380 1164 1641 1230 a fait Godart, d’introduire le même progrès dans nos armées, il
379 1235 1670 1296 m’a répondu ; nous ne pouvons imiter, sur ce point les Américains,
395 1296 1672 1363 c’est impossible, parce que très rarement un soldat consent à se
375 1360 1619 1435 présenter chez nous à la visite, laquelle d’ailleurs ennuie le
377 1426 1278 1493 médecin autant et souvent plus que le malade.
529 1501 1686 1569 Aux Etats-Unis, l'éducation des précautions à prendre con-
391 1552 1633 1623 tre le mal est sérieuse et générale ; chez nous elle est excep-
377 1623 1653 1697 tionnelle et individuelle. Aux Etats-Unis, beaucoup d’esprit pu-
373 1688 899 1753 blic. Chez nous, très peu.
529 1755 1652 1829 J'avais observé tout cela en Amérique et j'en avais fait
371 1821 1670 1891 mention dans mon livre ; mon observation se trouve hélas singuliè-
371 1893 1613 1968 rement confirmée par le comparaison qui s’impose entre votre
