1741 2197
659 78 905 144 LETTRE N° 8
190 183 390 252 SENAT
749 195 1620 270 Clermomt-Créans (Sarthe) le 2 Novembre 1914
584 421 921 470 Mon cher Butler,
311 503 1502 574 Je suis allé passer, hier dimanche de la Toussaint, avec M.
214 576 1585 649 et Mme Puech, la journée à Senlis, tout près de Paris, à moitié che-
212 644 1627 710 min de Compi ègne. Je vous envoie quelques photographies de ce qui res-
214 708 1625 776 te de cette jolie ville ouverte et pacifique apr ès le passage de l’ar-
212 783 1631 851 mée allemande. C'est ce que nous avons vu de nos yeux, et c’est peu de
214 842 1610 911 chose, - m’assurent des témoins dignes de foi, (L. Bourgeois, G. Menier
212 915 1629 975 A. Robin et beaucoup d’autres) - auprès des atrocités commises de sang
218 983 1627 1043 froid dans le nord et dans l’est ; là plus malheureuses encore que Sen-
216 1049 1629 1111 lis, des régions enti ères ont été systématiquement dévastées et souil-
216 1114 1629 1188 lées ; là il ne reste rien, pas même les murs des maisons ; etiam perie-
218 1186 469 1248 runt ruinae.
318 1243 1513 1314 Si jamais la France, soulevée par les haines qui survivront
214 1307 1609 1374 à de pareilles atrocités, se laissait entraîner, pour châtier les Al-
221 1374 1629 1451 lemands, à les imiter, il faudrait l’excuser peut-être, mais je rougi-
218 1446 509 1515 rais de honte.
320 1506 1519 1574 Ces ruines ne disent rien des massacres et des lâchetés qui
218 1569 1614 1645 nécessairement les accompagnent et qui sont devenus la méthode quoti-
221 1636 1632 1713 dienne du commandement allemand, méthode à la fois monstrueuse et stu-
219 1708 1631 1783 pide, puisqu’elle n’aboutit qu’à l’exaspération des habitants ; détruire
221 1779 1537 1850 les maisons, les musées, les églises, les bibliothèques, ce n'est
161 1905 1095 1980 à Monsieur le Président Nicholas Murray BUTLER
472 1960 672 2015 NEW-YORK.
