1738 2197
170 206 412 303 SÉNAT
648 148 945 214 LETTRE N° 473.
1025 278 1536 344 PARIS, le 2 Février 1919.
315 505 1380 582 des ASSOCIATIONS pour la SOCIETE des NATIONS , -
606 435 1010 510 LE PROGRAMME COMMUN
474 578 1118 648 remis aux quatre GOUVERNEMENTS.
393 765 1311 851 LE CONSEIL INTERALLIÉ de la rue PIERRE-CURIE .
529 875 1175 946 NOTRE BUDGET et NOTRE PROGRAMME
655 913 864 974 pour 1919.
551 974 1195 1045 UN JOURNAL POPULAIRE de VÉRITÉ.
703 1111 1042 1164 Mon cher Butler,
529 1226 1615 1298 Hier matin samedi, M. BOURGEOIS, les représentants des
333 1296 1575 1358 délégations américaines (Hamilton HOLT, en attendant l’arrivée
335 1369 1611 1422 de STRAUSS), anglaise et italienne et moi, sommes allés remettre
331 1435 1512 1493 personnellement notre programme commun aux quatre chefs des
335 1504 1553 1559 gouvernements alliés ; à M. CLEMENCEAU, à M. ORLANDO, à LLOYD-
335 1569 1609 1625 GEORGE, au Colonel HOUSE, (en l'absence momentanée€s€ du Président
331 1636 1639 1695 WILSON). Cette démarche et cette manifestation étaient opportunes.
329 1699 1547 1766 Nous avons constaté que, loin d’etre accueillis avec réserve,
188 1799 880 1863 à M. le Président N. Murray BUTLER
390 1839 562 1900 NEW YORK
