1768 2197
881 128 1013 206 - 13 -
344 302 1606 360 le travail de nos pères heureusement nous a léguées, toutes ces
346 369 1663 426 routes qui s’entrecoisent, grandes et petites mais toutes meilleu-
344 441 1641 497 res et mieux entretenues les unes que les autres avant la guerre,
342 503 1641 569 nationales, départementales, vicinales, les plus petites surtout,
340 571 1626 633 soignées comme les allées d'un parc, je vois de temps en temps,-
342 631 1626 692 pas souvent,- le long des haies, au bord des champs, des enfants
344 708 1643 759 qui regardent passer mon auto. Pâles, chétifs, peu couverts, ils
338 767 1659 831 devraient trembler sous la pluie et la première bise de l’automne;
337 834 1542 900 non, ils méditent, attentifs, - habitués, résolus déjà à tout
337 902 1595 966 supporter ; ils seraient non moins résolus à tout entreprendre,
337 963 1612 1032 si on leur en donnait les moyens dont la guerre les aura privés,
335 1039 1637 1091 sans qu’ils s’en doutent ! Avec quel serrement de coeur je passe
335 1094 1104 1160 rapide devant leur activité sacrifiée.
690 1168 1648 1232 Je ne rêve pas, je sers mon pays en l’observant
333 1235 1606 1298 après cette guerre, comme je l’ai servi, avant pour la prévenir,
294 1294 1619 1360 ££ant pour la repousser. Mais j’ai peine parfois, je l’avoue, à
331 1360 1636 1424 ne pas me décourager. Je reviens donc où j'en était de ce voyage
331 1431 1672 1488 autour de mon département que j’entreprends comme Xavier de Maistre
331 1499 1601 1563 accomplissait son "voyage autour de ma chambre"; je reviens au
331 1563 1672 1631 Comice Agricole et à la fête de Mamers que j’étais appelé de longue
327 1629 1652 1693 date à présider. Quelle réponse à mes velléités de découragement!
324 1693 1573 1757 Malgré la pluie, le froid, je trouve la grande salle des fêtes
327 1766 1628 1819 comble et un banquet de 50 couverts servi comme avant la guerre.
324 1825 1639 1896 Bien plus, on m’apprend que le Concours Agricole, dans la matinée
324 1898 1590 1969 a été une surprise: suspendu pendant cinq années, mal préparée
327 1969 1626 2030 par une sécheresse persistante de plusieurs mois, on se demandait
