1751 2197
826 115 946 173 - 9 -
384 203 1679 265 sieurs jours couchés sur la paille ou sur des brancards aménagés
386 278 1646 333 dans des wagons à bestiaux,; il faisait froid ; beaucoup d’entre
386 342 1646 408 eux portaient encore leur tenue d'été, des pantalons de toile !
388 415 1664 474 On les descendait avec leurs pansements déjà vieux de plusieurs
386 477 1586 541 jours, épuisés, grelottant, fiévreux ; on n’en finissait pas
388 543 1642 598 de les installer comme on pouvait dans des voitures, des autos
384 607 1644 668 et des chat à-bancs pour les distribuer ensuite dans les hôpi-
384 677 1677 737 taux encombrés ou improvisés. Quand j’ai vu le premier train in-
384 748 1681 805 terminable se vider ainsi j’ai eu peine à contenir mon désespoir
382 811 1661 875 devant ces pauvres ruines humaines, toute cette jeunesse sauvée
382 876 1642 942 peut-être, mais condamnée quand même, pour un bon nombre, à ne
384 950 1586 1010 plus être que des infirmes. Tous ces malheureux décimés par
388 1006 1701 1071 la gr èle infernale des mitrailleuses et des obus s’estimaient heu
386 1087 1696 1144 reux de ne pas être restés, comme leurs camarades, sur le terrain
384 1147 1564 1208 ensevelis sous des ruines ou sous des monceaux de cadavres
386 1219 1681 1270 d'hommes et de chevaux, mais la plupart d’entre eux n’en avaient
384 1288 1639 1343 pas moins été frappés d'un ou deux, quelquefois trois ou quatre
384 1351 1644 1406 projectiles ; et pas un seul ne se plaignait. C’est là ce qu'on
384 1415 1620 1473 ne peut pas croire quand on ne l'a pas vu. Toute cette pauvre
386 1475 1681 1539 jeunesse humaine se laissait porter sans un mot de récrimination
384 1543 1600 1605 et presque tous avec espoir de se guérir pour repartir, pour
384 1611 1615 1662 rejoindre leurs camarades et repousser l’envahisseur. Un tr ès
380 1675 1558 1737 petit nombre heureusement sont morts. Le dévouement de nos
382 1744 1653 1801 mèdecins et de leurs auxiliaires est admirable ; civils ou mili-
384 1801 1659 1863 taires, c’est à qui risquera sa vie pour aller, sans gloire, re
384 1872 1542 1933 lever des blessés sous les feux croisés des alliés et des
382 1935 1657 2001 ennemis, ou bien s’usera dans un service intense, de jour et de
