1745 2197
877 115 1021 186 - 18 -
422 245 1547 322 y compris les fortes subventions qui étaient versées par
422 314 1587 388 son intermédiaire, se montait à Frs: 321.250 frs. Pendant
422 384 1605 452 la guerre, ce chiffre est descendu à 37.000 frs, dont 7.000
422 454 1585 514 de subventions. Pour répondre au désir que nous a exprimé
421 518 1525 584 M, le Président Butler, j'ai établi récemment un projet
421 585 1582 644 de budget pour notre Bureau, relatif à l'exercice à venir.
421 651 1625 715 J'y prévois le concours prêté à l'Association Française pour
424 719 1583 776 la Société des Nations, se traduisant par un supplément de
424 792 1567 844 dépenses pour le paiement du personnel, une participation
424 862 1576 917 aux frais de représentation et de réception de la société,
422 928 1638 984 une augmentation des frais de correspondance, de télégrammes.
422 983 1523 1049 J'ai dû prévoir aussi certaines sommes destinées, comme
421 1056 1627 1113 jadis, à indemniser de leurs dépenses de voyage et de séjour
422 1122 1624 1182 les membres de notre comité Exécutif et de notre conseil, en
421 1186 1638 1244 vue des réunions périodiques que nous allons tenir à nouveau ;
421 1246 1658 1318 enfin j'ai fait figurer à ce budget, pour mémoire, différentes
424 1320 1578 1378 subventions pour lesquelles j’ai adressé des demandes par-
421 1382 1561 1448 ticulières à M. le Président Butler. Au total, le budget
419 1455 1505 1508 annuel de notre Bureau Européen serait porté à environ
419 1515 1576 1578 96.000 francs, et il comprendrait en outre les différentes
419 1580 1554 1645 subventions dont je viens de parler, si M.M. les Trustees
419 1644 1164 1717 Américains en approuvent le principe.
1047 1742 1539 1810 (approbation générale.)
708 1847 1658 1911 En soumettant ce nouveau budget à l'approbation
419 1913 1483 1982 des Trustees Américains, j’ai particulièrement appelé
