1747 2197
928 153 1052 210 - 2 -
428 285 1655 355 et nous aurons beau grossir le passif de l’Allemagne coupable,
430 358 1607 419 le dénuement de ses victimes n’en restera pas moins le fait
428 426 1607 481 acquis. Le Gouvernement nous fait entrevoir, après l'impôt
428 492 1607 543 sur le luxe qui n'a donné qu'une charge de plus sur la pro-
428 552 1585 616 duction, un impôt sur le capital ; mais on s’apercoit qu'on
432 624 1587 677 va tarir ainsi la source de nos futurs emprunts. On n'ose
430 684 1607 745 pas encore parler, bien qu'on y pense, des projets Caillaux
430 761 1549 805 d’impôt sur le revenu universel ; pas plus qu'on n'ose le
430 820 1605 884 juger, de peur d'en faire "un chef de parti", selon la pré-
428 886 1607 944 diction de M. Ribot. On n'a pas su recourir franchement au
428 942 1629 1008 bon vouloir de nos alliés, après l'armistice, et on a laissé
428 1025 1609 1071 bêtement, de part et d'autre, leur enthousiasme et le nôtre
428 1085 1567 1142 se refroidir. Nos régions envahies, non restaurées, bien
430 1149 1666 1206 entendu, et pas même administrées, sont hors d'elles ; l'Alsace
428 1212 1567 1265 se demande, comme je l'ai prévu, si nous allons lui faire
424 1272 1582 1336 payer sa joie d'être libre en lui imposant notre désordre.
428 1342 1595 1404 Nos jeunes gens, sans instruction depuis cinq ans, six ans,
430 1409 1585 1462 sept ans même, suivant leur âge, ne savent pas comment ils
426 1471 1605 1534 vont reprendre une vie normale, en concurrence avec la jeu-
428 1541 1605 1601 nesse de nos alliés, et à quel niveau pourra remonter ce qui
432 1607 1615 1667 va rester de notre jeunesse à nous, dans toutes les classes,
428 1682 1567 1731 pauvres, moyennes ou riches, après avoir été si longtemps
428 1746 1585 1801 privée de l'apprentissage, de l'instruction et de l'éduca-
424 1796 1512 1869 tion indispensables? Mais j'y reviendrai. Ce que mon
