1742 2197
816 144 1104 216 LETTRE N° 498.
153 216 395 300 SÉNAT
1168 238 1575 314 PARIS, 21 Mars 1919.
620 443 1293 519 M. le COMTE de PENHA - GARCIA .
675 375 1174 448 PROPOSITION EN FAVEUR DE
936 637 1263 704 Mon cher Butler,
404 920 1507 994 nouveau chaleureusement, la proposition faite par notre
661 860 1544 931 Je vous transmets ci-joint, en l’appuyant de
406 1003 1502 1060 ami Alberto d'OLIVEIRA, Ministre de Portugal, en faveur
406 1056 1485 1125 du /comte de Penha-Garcia, membre de la Cour permanente
404 1129 1232 1197 d'Arbitrage de La Haye, pour le Portugal.
917 1244 1496 1323 Votre affectueusement dévoué,
886 1358 1423 1450 ££
170 1570 1108 1647 à Monsieur le Président Nicholas Murray BUTLER,
600 1664 776 1746 NEW-YORK.
170 1821 362 1872 1 annexe.
