1745 2197
902 137 1193 223 LETTRE N° 535.
199 232 443 309 SÉNAT
1190 265 1582 353 PARS, 23 Mai 1919.
589 417 1543 516 LE RETOUR DES INFIDELES à la DOTATION CARNEGIE.
990 633 1327 710 Mon cher Butler,
714 774 1505 836 Je prévois que Fried ne va pas tarder à
415 845 1607 902 s’adresser à la Dotation Carnegie pour rentrer en grâces,...
417 913 1616 968 s'il ne l'a pas déjà fait. Il importe que vous soyez édifié
417 981 1598 1041 sur le double fonds de sa conscience, d’abord encourageante
417 1038 1501 1107 pour les pires excès du militarisme allemand, avant la
419 1094 1600 1168 bataille de la Marne, ensuite découragée par les déceptions
419 1179 1633 1233 et les lenteurs d’une guerre qui ne nourrissait pas sa Revue.
712 1244 1519 1296 Fried a mené une campagne perfide contre
415 1307 1613 1373 Nippold, accusé du crime de loyauté par tous les publicistes
415 1374 1613 1437 allemands. Fried a été contre Nippold ; c’est naturel ; mais
413 1442 1571 1493 il ne faut pas que la Dotation puisse s'égarer à sa suite.
411 1508 1554 1567 Je vous envoie ci-joint, en 5 exemplaires, un intéressant
411 1576 1516 1633 article publié par Moch, dans "La Paix par le Droit" et
411 1640 1572 1708 intitulé ; "Un réquisitoire nécessaire". Cet article est à
408 1704 985 1768 classer au dossier de Fried.
704 1907 1644 1958 Il y a aussi la question de l'Union Interparle-
1474 1946 1642 2001 mentaire,
177 2057 1116 2121 à Monsieur le Président Nicholas Murray BUTLER.
