1738 2197
747 129 866 183 - 8 -
212 289 1571 346 voltées ; il faut tout faire pour qu’il ne soient pas dupes indéfini-
214 347 1575 410 n'ont pas pu prendre les armes ; c’est aujourd hui leur seule mani ère
214 426 1571 490 ment d’un tel régime ; là est le devoir de tous ceux d’entre nous qui
210 488 1373 558 efficace de combattre pour la paix réelle, pour la vérité.
708 584 1294 655 Votre affectueusement dévoué.
