1738 2197
771 78 913 153 - 13 -
380 135 1626 221 convaincre chez elle et qui seule pouvait travailler avec nous
377 216 1587 283 à la convertir. Et la France ? où trouvera t-elle les hommes
382 274 1648 351 dont elle avait déjà besoin auparavant pour soutenir les luttes
382 347 1629 413 de la concurrence universelle ? Une année va s'écouler pendant
386 410 1664 487 laquelle non seulement elle aura perdu ses ressources, mais elle
384 477 1628 551 aura suspendu l’instruction de ses jeunes gens. Et je ne parle
384 554 1628 616 pas des tours de force financiers qu’il faudra faire pour suf-
386 609 1591 688 fire aux dépenses de réparation, de reconstruction ? Comment
390 673 1672 752 conciliera-elle ce besoin de revivre, qui a toujours été en elle
388 745 1593 816 et les forces qu’il faudra encore mettre en avant pour faire
391 816 1613 886 face aux dangers qui subsisteront à l'étranger?.... Si l’Euro-
388 875 1655 944 pe divisée n'a rien su faire pour empêcher l’incendie des Bal-
390 937 1670 1016 kans, l'Europe épuisée ne sera-t-elle pas plus impuissante enco-
391 1014 1673 1076 re ? Quelle force opposera-t-elle au fanatisme, à la mégalomanie
391 1072 1657 1146 que'lle aura suscitée parout, à son exemple ? C'est €à€ dire que
391 1140 1598 1213 la politique de la violence suivra son cours. A quel prix la
390 1212 1575 1274 France, victorieuse à la fin, mais saignée une fois encore,
391 1276 1673 1347 ravagée, ruinée, trouvera-t-elle la force de reprendre la sainte
391 1338 1672 1413 mission humaine, pacificatrice, qu’elle était si fière de devoir
391 1418 890 1477 à la confiance du monde?
593 1466 1591 1534 Je ne dis rien de ces inquiétudes trop naturelles,
395 1537 1582 1609 hélas, pour qui a quelque expérience des réalités de la vie
397 1601 1661 1669 internationale moderne, et qu’il est difficile de chasser quand
399 1671 1672 1733 les jours passent, si longs, si désolants, et sans résutats dé-
399 1737 1602 1799 cisifs: je les garde pour moi, et si je vous en parle, c’est
395 1792 1677 1872 pour en conclure avec plus de force qu’en dépit de tout je crois
399 1865 1679 1933 avec certitude et comme toute la France que le militarisme prus-
402 1937 1582 2004 sien ne pourra pas triompher en mesurant le mal qu'il aura
