1745 2197
845 159 953 221 - 2 -
346 300 1616 357 la fatigue, et mon dégoût croissant pour les réunions mondaines,
347 364 1556 422 j’avais jugée opportune et nécessaire. Madame d'ESTOURNELLES,
346 435 1642 488 pour m'encourager, avait bien voulu, pour la première fois depuis
342 496 1604 554 ses deuils, venir faire avec moi et le personnel du Bureau, les
340 560 1664 618 honneurs de la réunion. Elle ne se lasse pas, non plus de recevoir
342 627 1605 690 chez elle, à notre table, le plus possible, des amis fidèles de
342 699 1646 761 la France. Toute ma famille s’associe à ma volonté de réagir soit
342 757 1662 818 chez moi à Paris ou à Créans, soit au Sénat, soit au XXX cercle
342 833 1675 884 etc., etc., contre le répugnant mouvement de bêtise et d’ingratitu-
340 893 1618 961 de suscité contre les Etats-Unis et contre nos alliés en général
340 957 1695 1028 par notre presse officieuse et par les milieux bien pensants qu’elle
344 1023 1600 1091 inspire et dont elle s’inspire, s'il existait à Paris plusieurs
342 1096 1598 1162 foyer semblables de conciliation sincère et désintéressé, cela
338 1166 1572 1226 vaudrait mieux peut-être que bien des conférences officielles.
538 1233 1627 1296 Plus exigeant que jamais pour la tenue de notre bureau,
338 1292 1620 1358 j’ai eu plaisir à le voir si dignement et si simplement répondre
338 1360 1618 1424 à ce que vous et moi nous en attendions il y a sept ans. Combien
335 1433 1675 1492 je m’applaudis d’avoir voulu qu’il fût modeste et dépourvu de toute
333 1497 1633 1569 apparence d’ostentation ou €de grossière€ exploitation. Sa modestie
1096 1473 1151 1517 ££
336 1565 1633 1622 l’aura sauvé de la malveillance, pendant la première partie de la
333 1633 1561 1693 guerre ; jamais alors, pendant cette longue et pénible période,
335 1693 1583 1759 on ne m’a posé une question sur ce que je faisais de ce bureau,
335 1763 1593 1821 tandis que les Etats-Unis restaient neutres, et que M. CARNEGIE
329 1821 1647 1896 passait à tort pour pro-Germain. Jamais une seule des centaines de
333 1893 1492 1969 lettres que nous échangions vous et moi, - pourvu qu'elles
