1740 2197
846 170 961 232 - 6 -
342 331 1606 406 vous ai pas trompé quand j'ai voulu vous mettre en garde contre
540 265 1609 340 Attendons. Mais vous reconnaîtrez plus tard que je ne
342 400 1679 479 l’intoxication systématique de l’opinion par une association inter-
337 465 945 532 nationale de mauvais journaux.
608 728 1300 803 LA RÉUNION de la rue PIERRE-CURIE.
333 893 1659 979 amis alliés pour convoquer rue Pierre-Curie notre première réunion
536 834 1661 902 J’ai naturellement profité de la présence à Paris de nos
333 959 1635 1038 depuis la guerre. Nous avons eu là nos amis habituels, notre per-
318 1030 1589 1111 sonnel, et parmi nos collaborateurs des professeurs André WEISS,
318 1093 1560 1175 Charles RICHET, de LAPRADELLE. J'avais convoqué en outre Lord
335 1160 1611 1250 WEARDALE €qui n'a pas€ et GIRETTI qui n'ont pu venir, à leur grand
329 1224 1589 1310 regret; et aussi NIPPOLD bien que la réunion fût exclusivement
329 1294 1584 1378 interalliée: NIPPOLD effet, c’est conduit mieux encore qu'un
324 1362 1560 1442 allié, comme un ami ; nous avons saisi cette occasion pour l'en
324 1431 1566 1510 remercier chaleureusement. Vous le verrez par le procès-verbal
320 1501 1589 1580 ci-joint de notre réunion. J’ai par ailleurs, demandé, pour lui,
318 1559 1644 1649 au Gouvernement, d’accord avec notre ambassadeur à Berne, la croix
316 1633 787 1691 de la Légion d'Honneur.
516 1704 1562 1783 Nous avons examiné notre projet de budget. La lettre
313 1759 1593 1847 N° 462 que je vous avais écrite à ce sujet a été approuvée. Tout
311 1821 1633 1920 d’abord, le conseil a été unanime à confirmer ce que j’avais pensé
311 1894 1567 1984 et fait, quant à notre devoir d’aider les diverses associations
