1750 2197
809 113 929 177 - 8 -
390 216 1641 278 Il en a fait assez depuis deux mois et demi pour que l'épreuve
388 292 1662 342 soit décisive ; le dégoût qu’il inspire grandit en proportion du
386 349 1625 413 mal qu’il cause ; il est devenu pire que la mort, oui, la mort
388 419 1645 479 que chacun de nous craignait hier apparait maintenant comme un
392 479 1674 545 devoir, la ressource suprême pour faire échec à l'ignoble domina
386 554 1687 609 tion du monstre. Nos biens les plus précieux, notre vie même €n'o€
386 616 1685 681 n'ont plus de valeur pour nous sous la menace allemande ; le plus
390 684 1623 752 timide des Français laissera brûler son foyer et se fera tuer
388 746 1093 811 plutôt que de céder à cette menace.
485 811 1610 886 Je n'exagère rien. Vous m’objecterez qu’il m’est facile,
384 893 1678 952 dans notre doux pays du Maine, encore épargné par l’invasion, de
384 950 1641 1014 parler de la résistance à tout prix ; mais non, ma province est
386 1025 1619 1087 infiniment moins éprouvée sans doute que celles du Nord et de
384 1083 1623 1151 l'Est de la France et surtout que celles de la Belgique, mais
384 1146 1539 1212 ses souffrances sont déjà assez profondes quand même pour
388 1221 1638 1277 pouvoir l’abattre, si elle devait être abattue. La mort domine
388 1281 1674 1345 ici, à la Fl èche comme ailleurs ; il n’y a peut-être pas une seu-
384 1351 1601 1411 le de nos familles qui ne compte un de ses enfants ou de ses
384 1413 1638 1481 proches parmi les morts et les blessés. Il y a des deuils pour
386 1477 1658 1541 toute la France. Le chiffre total des tués, blessés ou disparus
382 1543 1673 1605 n'a pas été publié, il dépasse certainement un demi-million, si-
384 1612 1638 1673 non plus ; on se console en se disant qu’il est plus élevé dans
382 1673 1671 1748 l’armée allemande, puisqu’elle combat sur deux fronts. La Flèche
382 1742 1596 1810 a déjà reçu largement sa part de convois de blessés. Je vais
382 1807 1636 1880 régulièrement les attendre avec Paul pour les transporter, par
382 1874 1647 1946 un va et vient en automobile, de la gare aux hôpitaux. Les der-
381 1940 1575 2012 niers,-plus de 600,- sont arrivés en pleine nuit, apr ès des
381 2008 1588 2083 heures et des heures d’attente, à la fin d'un voyage de plu-
