1749 2197
771 102 884 173 - 8 -
386 194 507 263 paix.
589 250 1607 324 J'ai entendu bien souvent parler de ces soi-disant
390 322 1571 395 profits de la guerre. Les entrepreneurs de pompes funébres
390 389 1609 455 peuvent eux aussi se féliciter des catastrophes! Un accident
391 457 1618 529 de chemin de fer qui met tout un pays en larmes les enrichit.
388 529 1628 589 Les batailles les plus meurtrières profitent en fin de compte
388 589 1609 660 à quelqu’un,- ne fût-ce qu’aux chacals et aux corbeaux, -mais
393 657 1604 728 c'est l’ensemble du pays, et pour les Etats-Unis c’est l’en-
393 725 1604 790 semble du monde qu’il faut voir ; et plus le monde sera pros-
395 796 1606 858 père, plus les Etats-Unis y trouveront d’amis, de collabora-
393 860 1607 924 teurs, de climats. Plus le monde, au contraire, sera troublé
393 928 1688 994 plus le commerce et l'activité générale en souffriront, sans par-
391 997 1631 1058 ler du développement de l'instruction et des progrès du génie
393 1060 959 1131 humain qui seront paralysés.
595 1124 1672 1191 J'ai été surpris de voir un journal américan sérieux
395 1201 1686 1257 remettre en discussion ces vieilles questions, et j’en ai conclu
395 1259 1673 1329 que nous allions sentir en Europe le contre coup de ces erreurs.
395 1325 1547 1385 Il va falloir trouver de l’argent pour combler le gouffre
395 1402 1646 1455 financier que nous creusons chaque jour sous nos pas sans même
393 1466 1646 1530 y penser: gouffre €financier€ deux fois creusé par les milliards
391 1517 1549 1596 de recettes ordinaires qui feront défaut. Nous ne pouvons
393 1594 1565 1658 pas attendre raisonnablement de l’Allemagne qu’elle comble
390 1658 1607 1719 à elle seule tous ces déficits, en France, en Angleterre, en
395 1728 1622 1786 Russie, en Belgique, au Japon ; elle n’aura même plus son com-
393 1790 1565 1852 merce avec l’étranger, pendant un temps ; sa misére va être
395 1856 1622 1926 effroyable ; il faudra donc que chacun des adversaires qu’elle
393 1920 1609 1993 a si follement provoqués limite ses exigences ; il faudra que
