<?xml version="1.0" encoding="UTF-8"  standalone="yes"?>
<PcGts xmlns="http://schema.primaresearch.org/PAGE/gts/pagecontent/2019-07-15" xmlns:xsi="http://www.w3.org/2001/XMLSchema-instance" xsi:schemaLocation="http://schema.primaresearch.org/PAGE/gts/pagecontent/2019-07-15 http://schema.primaresearch.org/PAGE/gts/pagecontent/2019-07-15/pagecontent.xsd">
  <Metadata>
	<Creator>escriptorium</Creator>
	<Created>2022-07-21T12:02:33.032860+00:00</Created>
        <LastChange>2022-07-21T12:02:33.032881+00:00</LastChange>

  </Metadata>
  <Page imageFilename="FRAD072_12J386_lettre0510_001.jpg" imageWidth="1745" imageHeight="2197">

    

    
    <TextRegion id="eSc_dummyblock_">
    
    
      <TextLine id="eSc_line_413ded5b" >
        <Coords points="822,159 822,192 1124,194 1126,159 1126,128 1073,115 1071,115 1069,115 1067,115 1047,126 1038,131 975,131 933,120 911,115 910,115 895,119 866,124 822,115 822,159"/>
        <Baseline points="822,159 1126,159"/>
        <TextEquiv>
          <Unicode>LETTRE N° 510.</Unicode>
        </TextEquiv>
      </TextLine>

    
    
      <TextLine id="eSc_line_ca37a773" >
        <Coords points="177,259 177,294 419,296 421,256 415,221 281,227 263,225 206,217 205,217 203,217 175,225 177,259"/>
        <Baseline points="177,259 421,256"/>
        <TextEquiv>
          <Unicode>SÉNAT</Unicode>
        </TextEquiv>
      </TextLine>

    
    
      <TextLine id="eSc_line_bb77b3c6" >
        <Coords points="1159,258 1159,281 1250,294 1252,294 1305,285 1318,283 1322,285 1334,294 1336,294 1338,294 1340,294 1342,294 1364,285 1376,281 1565,289 1567,254 1561,225 1521,230 1503,225 1475,216 1474,216 1472,216 1470,216 1441,225 1426,232 1325,232 1314,227 1290,216 1289,216 1203,214 1201,214 1199,214 1197,214 1197,216 1181,228 1181,230 1157,230 1159,258"/>
        <Baseline points="1159,258 1567,254"/>
        <TextEquiv>
          <Unicode>PARIS, 30 Mars 1919.</Unicode>
        </TextEquiv>
      </TextLine>

    
    
      <TextLine id="eSc_line_e224e20d" >
        <Coords points="644,386 642,415 1296,426 1300,389 1296,353 644,357 644,386"/>
        <Baseline points="644,386 1300,389"/>
        <TextEquiv>
          <Unicode>LA FRANCE CONTINUE à S&#39;ENRICHIR.</Unicode>
        </TextEquiv>
      </TextLine>

    
    
      <TextLine id="eSc_line_428fa7f5" >
        <Coords points="977,487 975,510 990,519 992,519 994,519 996,519 1058,510 1060,510 1305,518 1309,490 1309,465 977,457 977,487"/>
        <Baseline points="977,487 1309,490"/>
        <TextEquiv>
          <Unicode>Mon cher Butler,</Unicode>
        </TextEquiv>
      </TextLine>

    
    
      <TextLine id="eSc_line_6f769847" >
        <Coords points="704,585 703,604 1523,613 1527,589 1525,552 1126,560 1120,552 1118,552 1118,551 1116,551 1115,551 1113,551 1111,551 765,558 704,549 704,585"/>
        <Baseline points="704,585 1527,589"/>
        <TextEquiv>
          <Unicode>Nous discutons le budget de 1919, ou plus</Unicode>
        </TextEquiv>
      </TextLine>

    
    
      <TextLine id="eSc_line_f2fb2e8c" >
        <Coords points="388,616 386,637 1644,644 1647,626 1646,596 388,587 388,616"/>
        <Baseline points="388,616 1647,626"/>
        <TextEquiv>
          <Unicode>modestement les douzièmes provisoires du second trimestre de ce</Unicode>
        </TextEquiv>
      </TextLine>

    
    
      <TextLine id="eSc_line_722c982b" >
        <Coords points="399,653 397,670 446,684 448,684 450,684 523,681 525,681 527,681 541,670 543,670 593,684 595,684 596,684 715,671 736,684 737,684 739,684 741,684 825,675 851,684 853,684 855,684 856,684 858,684 880,670 904,682 906,682 908,682 977,671 1109,684 1111,684 1173,670 1206,684 1208,684 1210,686 1285,686 1285,684 1287,684 1333,670 1402,670 1404,655 1402,631 399,626 399,653"/>
        <Baseline points="399,653 1404,655"/>
        <TextEquiv>
          <Unicode>budget ; et nous entrons dans le mois d&#39;Avril!! ...</Unicode>
        </TextEquiv>
      </TextLine>

    
    
      <TextLine id="eSc_line_da0a8a6f" >
        <Coords points="388,748 386,772 1561,778 1565,756 1563,732 388,719 388,748"/>
        <Baseline points="388,748 1565,756"/>
        <TextEquiv>
          <Unicode>sortir le miracle de l&#39;enrichissement de la France, tel que</Unicode>
        </TextEquiv>
      </TextLine>

    
    
      <TextLine id="eSc_line_78781562" >
        <Coords points="723,719 721,735 1604,739 1607,725 1605,699 723,692 723,719"/>
        <Baseline points="723,719 1607,725"/>
        <TextEquiv>
          <Unicode>Cette discussion fait vraiment par trop res-</Unicode>
        </TextEquiv>
      </TextLine>

    
    
      <TextLine id="eSc_line_3bf0d41f" >
        <Coords points="391,785 390,803 1651,811 1655,790 1655,763 391,761 391,785"/>
        <Baseline points="391,785 1655,790"/>
        <TextEquiv>
          <Unicode>nous l&#39;a décrit M. Klotz, notre spirituel Ministre des Finances.</Unicode>
        </TextEquiv>
      </TextLine>

    
    
      <TextLine id="eSc_line_19641bcd" >
        <Coords points="393,818 393,840 1543,840 1545,822 1543,798 393,792 393,818"/>
        <Baseline points="393,818 1545,822"/>
        <TextEquiv>
          <Unicode>En attendant que &quot;les poches paient tout&quot;, il faut tout de</Unicode>
        </TextEquiv>
      </TextLine>

    
    
      <TextLine id="eSc_line_49926b17" >
        <Coords points="388,851 386,871 1550,880 1554,858 1552,829 388,823 388,851"/>
        <Baseline points="388,851 1554,858"/>
        <TextEquiv>
          <Unicode>même trouver, d&#39;une façon ou de l&#39;autre, - impôts, emprunts,</Unicode>
        </TextEquiv>
      </TextLine>

    
    
      <TextLine id="eSc_line_b8ea196a" >
        <Coords points="390,882 388,898 1539,909 1543,889 1541,865 390,858 390,882"/>
        <Baseline points="390,882 1543,889"/>
        <TextEquiv>
          <Unicode>indemnités, - plus de 20 milliards de francs pour payer nos</Unicode>
        </TextEquiv>
      </TextLine>

    
    
      <TextLine id="eSc_line_2cebbe4e" >
        <Coords points="390,917 388,933 397,941 399,941 401,941 402,941 648,933 661,933 662,933 675,942 677,942 679,942 681,942 877,937 942,935 952,937 972,944 974,944 975,944 1021,939 1041,937 1541,946 1545,924 1543,897 390,887 390,917"/>
        <Baseline points="390,917 1545,924"/>
        <TextEquiv>
          <Unicode>dépenses ; 20 milliards par an! 20 milliards par an, mais</Unicode>
        </TextEquiv>
      </TextLine>

    
    
      <TextLine id="eSc_line_f3743c18" >
        <Coords points="388,946 386,970 1578,974 1582,957 1582,933 388,922 388,946"/>
        <Baseline points="388,946 1582,957"/>
        <TextEquiv>
          <Unicode>c&#39;est trop peu dire! Comptons déjà, pour cette année, entre</Unicode>
        </TextEquiv>
      </TextLine>

    
    
      <TextLine id="eSc_line_5f374814" >
        <Coords points="390,984 388,1001 1649,1014 1653,992 1653,963 390,955 390,984"/>
        <Baseline points="390,984 1653,992"/>
        <TextEquiv>
          <Unicode>la guerre qui n&#39;est pas finie et la paix qui n&#39;est pas retablie,</Unicode>
        </TextEquiv>
      </TextLine>

    
    
      <TextLine id="eSc_line_26ab8a7c" >
        <Coords points="388,1012 386,1038 1580,1041 1583,1023 1582,999 388,988 388,1012"/>
        <Baseline points="388,1012 1583,1023"/>
        <TextEquiv>
          <Unicode>au moins le double, à titre transitoire, le double puisqu&#39;on</Unicode>
        </TextEquiv>
      </TextLine>

    
    
      <TextLine id="eSc_line_d95ac631" >
        <Coords points="388,1047 386,1074 1481,1082 1484,1056 1483,1032 388,1025 388,1047"/>
        <Baseline points="388,1047 1484,1056"/>
        <TextEquiv>
          <Unicode>nous demande 10 milliards pour nos dépenses du prochain</Unicode>
        </TextEquiv>
      </TextLine>

    
    
      <TextLine id="eSc_line_e179953a" >
        <Coords points="386,1083 386,1107 593,1113 595,1080 591,1058 384,1058 386,1083"/>
        <Baseline points="386,1083 595,1080"/>
        <TextEquiv>
          <Unicode>trimestre.</Unicode>
        </TextEquiv>
      </TextLine>

    
    
      <TextLine id="eSc_line_a942fdb2" >
        <Coords points="721,1147 719,1173 1561,1173 1563,1153 1561,1129 721,1125 721,1147"/>
        <Baseline points="721,1147 1563,1153"/>
        <TextEquiv>
          <Unicode>Comment paierons-nous, non pas les 40 mil-</Unicode>
        </TextEquiv>
      </TextLine>

    
    
      <TextLine id="eSc_line_a0f09c75" >
        <Coords points="382,1179 380,1195 1594,1206 1598,1190 1596,1164 382,1157 382,1179"/>
        <Baseline points="382,1179 1598,1190"/>
        <TextEquiv>
          <Unicode>liards de cette année de transition, mais les vingt milliards</Unicode>
        </TextEquiv>
      </TextLine>

    
    
      <TextLine id="eSc_line_2c375125" >
        <Coords points="384,1212 382,1233 725,1232 736,1237 743,1241 745,1241 747,1241 789,1237 836,1233 1062,1239 1488,1248 1490,1248 1594,1239 1596,1224 1594,1201 384,1184 384,1212"/>
        <Baseline points="384,1212 1596,1224"/>
        <TextEquiv>
          <Unicode>des années suivantes? Avant la guerre toute la France pros-</Unicode>
        </TextEquiv>
      </TextLine>

    
    
      <TextLine id="eSc_line_f30ed770" >
        <Coords points="382,1246 380,1268 1532,1276 1536,1254 1534,1228 382,1222 382,1246"/>
        <Baseline points="382,1246 1536,1254"/>
        <TextEquiv>
          <Unicode>père avait peine à trouver six milliards de recettes ; mais</Unicode>
        </TextEquiv>
      </TextLine>

    
    
      <TextLine id="eSc_line_f6e1c06d" >
        <Coords points="384,1281 382,1301 1596,1312 1600,1288 1600,1261 384,1257 384,1281"/>
        <Baseline points="384,1281 1600,1288"/>
        <TextEquiv>
          <Unicode>désormais la France sera, pour une part, détruite ruinée, et,</Unicode>
        </TextEquiv>
      </TextLine>

    
    
      <TextLine id="eSc_line_3da4ee43" >
        <Coords points="380,1312 380,1332 774,1332 778,1334 787,1342 789,1342 791,1342 792,1342 933,1334 959,1334 968,1334 1014,1343 1016,1343 1126,1336 1135,1336 1142,1336 1217,1345 1219,1345 1378,1338 1386,1338 1387,1338 1419,1347 1420,1347 1422,1347 1611,1338 1613,1323 1611,1296 380,1288 380,1312"/>
        <Baseline points="380,1312 1613,1323"/>
        <TextEquiv>
          <Unicode>pour tout le reste, dépeuplée... Il est vrai que l&#39;Alsace-Lor-</Unicode>
        </TextEquiv>
      </TextLine>

    
    
      <TextLine id="eSc_line_ed3f6082" >
        <Coords points="386,1345 384,1367 1593,1373 1596,1356 1594,1329 386,1321 386,1345"/>
        <Baseline points="386,1345 1596,1356"/>
        <TextEquiv>
          <Unicode>raine paiera sa contribution à la place de nos régions dévas-</Unicode>
        </TextEquiv>
      </TextLine>

    
    
      <TextLine id="eSc_line_1d99f24d" >
        <Coords points="384,1380 382,1395 1492,1406 1495,1391 1494,1367 384,1356 384,1380"/>
        <Baseline points="384,1380 1495,1391"/>
        <TextEquiv>
          <Unicode>tées... Mais n&#39;oublions pas que nos futurs impôts, s&#39;ils</Unicode>
        </TextEquiv>
      </TextLine>

    
    
      <TextLine id="eSc_line_921b8331" >
        <Coords points="380,1413 379,1429 1572,1440 1576,1424 1574,1395 380,1389 380,1413"/>
        <Baseline points="380,1413 1576,1424"/>
        <TextEquiv>
          <Unicode>rentrent exactement, seront payés en papier deprécié, tandis</Unicode>
        </TextEquiv>
      </TextLine>

    
    
      <TextLine id="eSc_line_020a8016" >
        <Coords points="382,1444 380,1470 1109,1470 1115,1471 1122,1479 1124,1479 1126,1479 1127,1479 1241,1473 1272,1471 1274,1473 1278,1479 1279,1479 1279,1481 1281,1481 1283,1481 1285,1481 1408,1473 1422,1473 1430,1473 1486,1482 1488,1482 1571,1473 1572,1459 1571,1431 382,1420 382,1444"/>
        <Baseline points="382,1444 1572,1459"/>
        <TextEquiv>
          <Unicode>qu&#39;une partie de nos dépenses seront à payer en or. - Il est</Unicode>
        </TextEquiv>
      </TextLine>

    
    
      <TextLine id="eSc_line_e718bf85" >
        <Coords points="380,1482 379,1495 1607,1504 1611,1492 1611,1464 380,1459 380,1482"/>
        <Baseline points="380,1482 1611,1492"/>
        <TextEquiv>
          <Unicode>vrai que nos dépenses de guerre ou de paix armée seront rédui-</Unicode>
        </TextEquiv>
      </TextLine>

    
    
      <TextLine id="eSc_line_fff7595e" >
        <Coords points="379,1512 377,1532 1512,1537 1516,1521 1514,1497 379,1484 379,1512"/>
        <Baseline points="379,1512 1516,1521"/>
        <TextEquiv>
          <Unicode>tes, et de même, espérons-le, nombre de dépenses devenues</Unicode>
        </TextEquiv>
      </TextLine>

    
    
      <TextLine id="eSc_line_28e98060" >
        <Coords points="377,1547 375,1563 1609,1572 1613,1556 1613,1532 377,1517 377,1547"/>
        <Baseline points="377,1547 1613,1556"/>
        <TextEquiv>
          <Unicode>inutiles. Mais d&#39;autres dépenses surgiront, celles de l&#39;avia-</Unicode>
        </TextEquiv>
      </TextLine>

    
    
      <TextLine id="eSc_line_d3ca1774" >
        <Coords points="380,1581 379,1598 1525,1605 1528,1590 1527,1565 380,1556 380,1581"/>
        <Baseline points="380,1581 1528,1590"/>
        <TextEquiv>
          <Unicode>tion civile notamment, qui sont déjà prévues en Angleterre</Unicode>
        </TextEquiv>
      </TextLine>

    
    
      <TextLine id="eSc_line_0a9befc0" >
        <Coords points="377,1612 375,1631 1572,1645 1576,1622 1574,1594 377,1587 377,1612"/>
        <Baseline points="377,1612 1576,1622"/>
        <TextEquiv>
          <Unicode>comme en France, pour un chiffre annuel de un milliard 1/2...</Unicode>
        </TextEquiv>
      </TextLine>

    
    
      <TextLine id="eSc_line_f088c473" >
        <Coords points="375,1649 373,1671 1567,1675 1571,1658 1569,1633 375,1620 375,1649"/>
        <Baseline points="375,1649 1571,1658"/>
        <TextEquiv>
          <Unicode>plus que le total d/es deux budgets militaire et naval de la</Unicode>
        </TextEquiv>
      </TextLine>

    
    
      <TextLine id="eSc_line_c8a0ef76" >
        <Coords points="377,1680 375,1697 1528,1713 1532,1689 1530,1666 377,1656 377,1680"/>
        <Baseline points="377,1680 1532,1689"/>
        <TextEquiv>
          <Unicode>France il y a dix ans..... Il faut prévoir, en outre, des</Unicode>
        </TextEquiv>
      </TextLine>

    
    
      <TextLine id="eSc_line_d14461aa" >
        <Coords points="373,1713 371,1737 444,1753 446,1753 448,1753 483,1741 670,1752 671,1752 673,1752 706,1742 752,1763 754,1763 812,1764 814,1766 948,1766 948,1764 950,1764 952,1764 952,1763 963,1753 1016,1764 1018,1764 1019,1764 1058,1746 1098,1766 1100,1766 1102,1766 1170,1764 1171,1764 1173,1764 1184,1755 1199,1766 1201,1766 1203,1766 1263,1768 1265,1768 1267,1768 1312,1748 1316,1748 1470,1750 1474,1722 1472,1695 373,1689 373,1713"/>
        <Baseline points="373,1713 1474,1722"/>
        <TextEquiv>
          <Unicode>dépenses indispensables et irréductibles de production.</Unicode>
        </TextEquiv>
      </TextLine>

    
    
      <TextLine id="eSc_line_9470f4b3" >
        <Coords points="151,1843 150,1871 1089,1874 1093,1849 1091,1812 979,1819 930,1812 919,1810 917,1810 915,1810 911,1812 889,1821 765,1812 712,1808 644,1808 642,1808 640,1808 639,1808 633,1812 618,1819 151,1814 151,1843"/>
        <Baseline points="151,1843 1093,1849"/>
        <TextEquiv>
          <Unicode>à Monsieur le Président Nicholas Murray BUTLER.</Unicode>
        </TextEquiv>
      </TextLine>

    
    </TextRegion>
    
  </Page>
</PcGts>
