1742 2197
892 146 1009 201 - 4 -
421 280 1657 344 l'intimité la plus simple, corrigent ou réparent la sécheresse
421 346 1578 408 dispendieuse et décourageante des fêtes officielles. Vous
423 415 1593 466 auriez vu là un tout petit cercle d'une cinquantaine d'Amé-
421 479 1558 536 ricains, de Français et d'alliés, heureux d'être ensemble
423 541 1578 600 pour fêter votre Ambassadeur M. Sharp et sa famille, M. et
419 604 1558 660 Mme . Straus ; heureux d'entendre, en famille, mes filles
419 673 1615 730 donner un concert à l'amitié franco-américaine ; vous auriez
419 743 1597 798 retrouvé enfin l'atmosphère du dîner Butler du mois de Juin
421 798 1556 865 1914, diner inoubliable, pourquoi parce que, si nombreux
419 867 1577 926 qu'aient été les convives, ce n'était pourtant pas un ban-
419 939 1632 990 quet, c'était une fête intime, rare, exceptionnelle, une fête
417 1001 1494 1060 de l'entente cordiale internationale. C'était la même
417 1069 1556 1125 entente cordiale hier, à notre foyer. Combien de fois me
417 1136 1602 1195 suis-je dit que, si j'avais disposé, et à Paris et à Créans,
417 1199 1514 1259 de la millième partie des millions que notre propagande
415 1263 1551 1321 nationale a gaspillés comme on sait, pendant la guerre et
417 1331 1630 1395 avant la guerre, la guerre peut-être n'eût pas eu lieu ; peut-
415 1387 1003 1455 être aurait-elle moins duré ?
707 1462 1591 1525 Quoi qu'il en sait, la rue Molitor est rede-
415 1519 1551 1587 venue le terrain de la conciliation, comme jamais l’avenue
415 1590 1573 1651 Henri-Martin, mais plus modestement, d'autant mieux. Vous
415 1649 1588 1709 auriez rencontré, avec l'excellente famille Sharp, Mme. Ed-
415 1724 1588 1774 House, sa sœur Mme. Mezes et son mari, vos amis le Profes-
412 1786 1608 1847 seur Johnson, Finch, M. et Mme. James Brown Scott, Holman et
413 1852 1630 1916 la fille, le Président du Sénat, le Maréchal et Madame Joffre,
