1741 2197
941 109 1055 172 - 3 -
405 276 1590 336 vous y trouverez des adresses où notre jeunesse apprendra à
406 346 1629 399 se déniaiser, où l’avortement la rassure sur les conséquences
403 411 1609 465 d’une imprudence et où se débitent les remèdes, les panacées
405 481 1072 536 des imposteurs et des charlatans.
698 540 1631 613 Et si, par imprudence, vous parlez de prévenir
403 604 1541 673 ces maux que la presse bien pensante se charge de guérir,
406 675 1559 734 vous êtes un mauvais patriote, vous n'êtes pas considéré.
989 803 1579 875 Votre affectueusement dévoué,
976 887 1398 1001 ££
183 1168 1121 1237 à Monsieur le Président Nicholas Murray BUTLER,
595 1246 806 1323 NEW-YORK.
