1743 2197
739 86 1422 144 Clermont-Créans, 3 Septembre 1914
659 230 765 287 N° 2
699 360 895 419 Cher ami,
556 483 1567 554 Nous sommes bien heureux de vous savoir de retour
366 554 1506 629 et en sureté dans votre pays paisible. Puissiez-vous n'y
362 616 1603 695 voir jamais les calamités qui se sont abattues sur l’Europe !
362 688 1567 761 Les visions d’horreur que nous évoquions pour épouvanter le
362 754 1587 814 monde et pour essayer de les conjurer sont maintenant dépas-
369 827 1611 891 sées ; et nous ne sommes qu’au commencement de la guerre ! Les
369 893 1548 961 trains que j'ai vu partir fleuris de jeunesse et d'enthou-
368 957 1631 1019 siasme reviennent maintenant chargés de blessés, dont tous les
368 1019 1611 1091 hôpitaux, les casernes laissées vides, les lycées, les écoles
371 1085 1570 1162 sont déjà pleins dans toute la France ; en quelques jours il
369 1157 1645 1224 en est arrivé partout, au midi, à l'ouest, au centre du pays. A
368 1226 1631 1296 La Fl èche seulement, nous avons cinq hôpitaux improvisés, avec
369 1287 1576 1356 douze cents lits : Créans est une ambulance annexe, et ainsi
373 1351 1634 1429 dans tous les villages et les habitations qui peuvent disposer
373 1428 1495 1486 d'un ou plusieurs lits. Et les blessés qui occupent ces
377 1493 1611 1563 lits sont heureux, les bienheureux : " Je suis dans le ciel! "
523 1475 593 1521 les
375 1554 1616 1620 me dit l'un d’entre eux, qui n’a que la jambe fracassée, mais
378 1623 1596 1697 qui pense à ses camarades restés sur place par milliers, in-
378 1693 1629 1763 transportables ou intransportés, ou achevés par les Allemands:
378 1757 1616 1823 car c’est là encore une de ces aggravations que je n’avais pu
380 1825 1645 1891 concevoir ; les Allemands ne font pas de prisonniers, non seule-
378 1893 1603 1953 ment par crainte d’avoir à les nourrir et à les garder, mais
258 1988 1197 2056 à Monsieur le Président Nicholas Murray BUTLER
463 2070 642 2127 NEW-YORK
