1740 2197
862 119 981 184 - 5 -
371 247 1642 322 rendront hommage à nos armées qui ont tenu pendant quatre années
369 320 1569 384 et demie, de Verdun à Reims et à Dunkerque, et à nos popula-
371 388 1608 450 tions qui les ont aidées à tenir ; - de même que nous rendrons
368 455 1624 519 justice à nos alliés, à commencer par les Belges, sans lesquels
368 525 1569 584 nous étions perdus ; mais je crains que les Anglo-Américains
369 585 1604 642 qui €avaient€ si vaillamment soutenu la France dans la guerre et
492 565 562 606 ££
373 651 1571 714 qui venaient si volontiers à elle, avant cette guerre, ne la
368 719 1014 778 méconnaissent après la victoire.
701 789 1580 838 Après tout, il en doit être ainsi peut-être,
368 845 1587 908 pour que chaque peuple conserve, apès la guerre, son indivi-
369 922 1549 974 dualité ; mais n'est-il pas triste qu'on ne puisse au moins
369 986 1586 1038 sauver de la guerre cette belle confraternité des armes et du
369 1052 1584 1105 sacrifice d'où est né le triomphe du Droit sur la violence, de
364 1116 1034 1180 la civilisation sur la barbarie ?
697 1182 1503 1235 A distance, dans quelques années, si nos
364 1246 1582 1299 difficultés intérieures n’aigrissent pas nos relations inter-
366 1316 1584 1374 alliées, peut-être comprendra-t-on, de loin, qu’à travers ses
364 1374 1525 1435 apparentes contradictions, le charme de la France comme sa
362 1450 1582 1504 grandeur est d'être vraie, et de représenter fidèlement, avec
366 1510 1564 1567 ses faiblesses et ses vertus, l’humanité. Je crains que les
362 1580 1500 1636 Anglo-saxons ne rentrent chez eux avec le germe qu’ils ne
362 1649 1500 1704 portaient que trop en eux et que leurs grands services et
364 1706 1478 1761 leur contribution à la victoire auront encore développé :
362 1777 576 1841 l'orgueil.
692 1832 1540 1907 L'orgueil est un moteur puissant; il nous
