1783 2197
824 201 930 280 - 2 -
344 324 1627 406 part et d’autre, nos précautions les plus strictes d’accord avec
346 399 1570 466 le personnel d’élite dont vous disposez, sous la direction de
329 468 725 541 Miss MATTHEWS, pour
348 600 1605 671 que vous indiquez de 2.000 francs et qui me paraît raisonnable.
525 529 1665 598 1° - que la dépense ne dépasse pas le chiffre forfaitaire
350 739 1645 800 au début, pendant la période de transition, ne se confondent pas.
529 668 1667 739 2° - que votre personnel et celui de la DOTATION, surtout
348 864 1625 931 le désordre habituel à tant d’administrations et en imposant des
527 796 1594 864 Pour être unis, vivons indépendants. C’est en évitant
350 935 1586 997 règles rigoureusement observées, jusqu’ici, de bonne tenue que
346 1005 1649 1063 nous avons éloigné la malveillance et l’indiscrétion du public et
346 1076 1665 1133 de la presse, nors de chez nous. Le jour où cette tenue fera place
346 1142 1625 1201 au laissez aller inévitable dans un local où les responsabilités
348 1206 1643 1263 seraient confondues, alors nous ne serons plus chez nous, ni l'un
346 1279 1350 1336 ni l’autre, et tout le monde y sera à notre place.
524 1343 1605 1395 Nous nous comprenons, mon cher Président et ami, soyez
350 1406 1585 1470 chez vous à nos côtés, rue Pierre-Curie et prospérez ; c’est là
350 1470 1017 1539 toute la condition de notre bail.
859 1572 1445 1631 votre affectueusement dévoué,
152 1697 608 1768 Monsieur Paul APPELL
938 1629 1396 1724 ££
194 1827 1618 1896 P. S. - Pour alléger la contribution du Bureau de la DOTATION CARNEGIE,
351 1900 1704 1969 j’ai pensé qu’il convenait de lui adjoindre celle de la Conciliation
