1731 2197
875 131 987 179 - 4 -
300 285 1492 366 annuelles à quatre ou cinq milliards près !!! c’est-à-dire
302 364 1591 426 l’équivalent d'une année de dépenses d'avant-guerre. Il y a six
296 430 1525 494 mois, M. Ribot parlait de 18 milliards. Aujourd'hui c’est 25
298 490 518 556 milliards.
697 558 1569 620 Notre Conseil Général de la Sarthe, dont il
296 626 1509 686 faut bien dire que la composition, comme partout, est plutôt
298 697 1610 756 modeste, ne s’aventure pas en ces généralités et il a raison ; car
296 767 1467 827 ceux de ses membres qui travaillent sont de moins en moins
296 829 1639 898 nombreux ; il y a là un mal sérieux auquel il faudra porter remède,
296 897 1569 959 mais, en tous cas, l’inconnu de notre avenir financier n’en est
300 968 1626 1028 pas moins inquiétant ; il faut le constater. L’ignorance ou l'in-
294 1034 1511 1098 différence générales, seraient une aggravation du mal.- N'y
298 1100 1606 1169 plus rien comprendre ; ne plus savoir où donner de la tête, est-ce
294 1171 1208 1232 donc là notre ressource et celle des Alliés ?
296 1301 1544 1363 resser que nous-mêmes de notre ruine. La France ruinée, c’est
694 1232 1626 1292 Car les Alliés ne peuvent pas plus se désinté-
296 1365 1624 1433 l'Europe instable ; c'est la paix non rétablie, la guerre, la révo-
296 1426 1342 1492 lution menaçant tous les Etats voisins ou lointains.
294 1561 1562 1627 échapper aux graves dangers qui nous menacent. La faillite des
688 1504 1525 1558 Que les Etats-Unis ne pensent pas pouvoir
293 1640 884 1697 uns sera la faillite de tous.
688 1704 1622 1761 Faites des voeux, mon cher Butler, pour que la
291 1757 1652 1830 France se relève, dans l’intérêt du Nouveau-Monde comme de l'Ancien ;
289 1834 1337 1900 et aidez-nous pour ne pas être entrainés comme nous.
985 1898 1567 1966 Votre affectueusement dévoué,
128 1991 954 2063 à Monsieur le Président Ni.Murray BUTLER
190 2065 368 2121 annexes.
571 2041 758 2103 NEW-YORK.
1121 1975 1324 2081 ££
