1753 2197
778 87 903 140 - 7 -
377 179 1621 252 que nous avons pour nous la jeune Russie dans cette insurrec-
379 261 1542 325 tion générale contre l’autocratie allemande, nous verrons
377 322 1643 395 plus tard. Et qui sait si la Russe ne profitera pas elle-même
377 395 1560 461 des grands changements qui vont s’accomplir grace à elle ?
577 455 1619 519 L’essentiel c’est de maintenir unies en France tou-
377 519 1641 596 tes les forces de libération, lesquelles entrainent avec elles
379 593 1038 660 toute la France, toute l’Europe.
573 659 1622 721 Mais c’est pourquoi vos lettres me sont un encoura-
373 735 1346 800 gement si précieux et me rassurent complètement.
575 787 1655 862 Il est impossible que devant la lutte gigantesque qui
373 856 1661 931 se poursuit en Europe, le nouveau monde reste simple spectateur.
371 926 1613 997 Je ne demande pas qu’il intervienne par les armes, mais qu’il
370 990 1672 1067 ne cache pas sa pensée, son aversion pour l’horrible vieille qui
370 1065 1637 1129 s’appelle la réaction ou l’ordre moral, et qui n’est vraiement
373 1127 1611 1199 que la mort : qu’il ne cache pas son indignation pour l’abomi-
370 1201 1573 1265 nable calcul de cette réaction incapable de rien comprendre
368 1263 1610 1331 à la vie, au travail, à la science, à l'art, au génie humain!
371 1338 1674 1395 Qu’il ne reste pas sceptique devant les attentats séniles de ces
366 1398 1610 1470 armées qui ne respectent plus rien, ni femmes, ni enfants, ni
366 1471 1630 1536 vieillards, ni villes ouvertes, ni musées, ni cathédrales! Ces
368 1536 1646 1605 armées qui ont l’ordre, non plus de vaincre, puisque leurs vic-
368 1598 1199 1666 toires seront inutiles, mais de détruire.
564 1662 1626 1735 Détruire pour détruire, détruire la France, détruire
366 1739 1646 1796 le passé, l’histoire, la beauté, détruire ce que le monde vient
366 1792 1584 1872 comme en pèlerinage, aimer et admirer en France, voilà main-
364 1858 1646 1933 tenant le plan de campagne des armées allemandes ; voilà à quel€e€
362 1927 1622 1999 degré de bestialité un Gouvernement réactionnaire a pu réduire
360 1997 1553 2070 un jeune peuple ! Et quel peuple! Voilà le crime des crimes,
