<?xml version="1.0" encoding="UTF-8"  standalone="yes"?>
<PcGts xmlns="http://schema.primaresearch.org/PAGE/gts/pagecontent/2019-07-15" xmlns:xsi="http://www.w3.org/2001/XMLSchema-instance" xsi:schemaLocation="http://schema.primaresearch.org/PAGE/gts/pagecontent/2019-07-15 http://schema.primaresearch.org/PAGE/gts/pagecontent/2019-07-15/pagecontent.xsd">
  <Metadata>
	<Creator>escriptorium</Creator>
	<Created>2022-07-21T12:02:31.971776+00:00</Created>
        <LastChange>2022-07-21T12:02:31.971798+00:00</LastChange>

  </Metadata>
  <Page imageFilename="FRAD072_12J381_lettre0004_006.jpg" imageWidth="1744" imageHeight="2197">

    

    
    <TextRegion id="eSc_dummyblock_">
    
    
      <TextLine id="eSc_line_399bdfc3" >
        <Coords points="754,137 754,161 873,153 873,137 873,111 798,98 796,98 795,98 754,109 754,137"/>
        <Baseline points="754,137 873,137"/>
        <TextEquiv>
          <Unicode>- 5 -</Unicode>
        </TextEquiv>
      </TextLine>

    
    
      <TextLine id="eSc_line_079a7227" >
        <Coords points="377,234 377,267 426,256 457,265 459,265 461,265 542,256 818,261 965,265 967,265 1000,259 1038,254 1111,254 1119,258 1124,263 1126,263 1128,263 1130,263 1166,258 1196,254 1275,254 1278,256 1286,263 1287,263 1289,263 1291,263 1557,252 1558,230 1555,206 1465,206 1438,194 1436,194 1434,194 1297,205 1253,194 1251,194 1088,194 1086,194 963,206 633,195 632,195 560,206 520,195 518,195 516,195 375,208 377,234"/>
        <Baseline points="377,234 1558,230"/>
        <TextEquiv>
          <Unicode>faillite ou s’imposerat-elle plus que jamais comme le seul</Unicode>
        </TextEquiv>
      </TextLine>

    
    
      <TextLine id="eSc_line_b08fd64b" >
        <Coords points="373,302 373,327 685,333 686,333 688,333 690,333 699,325 703,322 802,322 811,325 828,331 829,331 831,331 833,331 855,324 866,322 879,324 914,331 915,331 956,324 970,322 1009,324 1148,331 1150,331 1298,322 1324,320 1333,320 1377,329 1379,329 1423,320 1428,320 1436,320 1522,329 1524,329 1575,318 1577,296 1571,270 371,276 373,302"/>
        <Baseline points="373,302 1577,296"/>
        <TextEquiv>
          <Unicode>remède au retour du mal déchainé par une succession d’impé-</Unicode>
        </TextEquiv>
      </TextLine>

    
    
      <TextLine id="eSc_line_302fdedb" >
        <Coords points="371,367 371,391 1190,391 1190,367 1190,342 371,336 371,367"/>
        <Baseline points="371,367 1190,367"/>
        <TextEquiv>
          <Unicode>rialismes rivaux ? Tel est le problème.</Unicode>
        </TextEquiv>
      </TextLine>

    
    
      <TextLine id="eSc_line_6fc8ef73" >
        <Coords points="571,435 571,455 1617,465 1619,435 1619,404 571,404 571,435"/>
        <Baseline points="571,435 1619,435"/>
        <TextEquiv>
          <Unicode>Je crois que la guerre actuelle a été la démonstra-</Unicode>
        </TextEquiv>
      </TextLine>

    
    
      <TextLine id="eSc_line_0fc10557" >
        <Coords points="373,503 373,534 465,525 965,532 967,532 969,532 996,523 1615,530 1619,499 1617,474 1593,465 1591,465 1590,465 1516,474 1511,474 1509,474 1480,461 1478,461 1476,461 1474,461 1436,474 1434,476 1313,476 1313,474 1295,461 1293,461 1291,461 1185,461 1183,461 1181,461 1152,474 1135,461 1133,461 1132,461 1044,461 1042,461 1040,461 983,476 981,476 976,476 798,466 796,466 747,476 714,463 712,463 710,463 708,463 685,476 511,476 489,463 487,463 485,463 425,463 423,463 421,463 371,477 373,503"/>
        <Baseline points="373,503 1619,499"/>
        <TextEquiv>
          <Unicode>tion de notre thème par l’absurde. L&#39;absurdité du fait brutal</Unicode>
        </TextEquiv>
      </TextLine>

    
    
      <TextLine id="eSc_line_11330751" >
        <Coords points="371,574 371,600 1430,593 1467,602 1469,602 1471,602 1472,602 1494,593 1575,602 1577,574 1577,547 1282,547 1278,545 1258,534 1256,534 1254,534 1253,534 1251,534 1238,543 1234,545 1192,543 1027,536 1025,536 1024,536 1022,536 1022,538 1016,543 1013,545 1003,543 972,534 970,534 969,534 919,541 899,545 877,541 835,534 833,534 789,541 763,545 741,541 708,534 573,534 571,534 569,534 567,534 558,540 547,545 371,540 371,574"/>
        <Baseline points="371,574 1577,574"/>
        <TextEquiv>
          <Unicode>aura suppléé à l’impuissance de la raison. C’est le classi-</Unicode>
        </TextEquiv>
      </TextLine>

    
    
      <TextLine id="eSc_line_2e71a16f" >
        <Coords points="371,638 371,673 454,664 681,671 683,671 732,662 1068,670 1071,635 1066,604 370,607 371,638"/>
        <Baseline points="371,638 1071,635"/>
        <TextEquiv>
          <Unicode>que enseignement des catastrophes,</Unicode>
        </TextEquiv>
      </TextLine>

    
    
      <TextLine id="eSc_line_ed226fd0" >
        <Coords points="575,704 573,730 782,735 784,735 785,735 796,730 806,726 822,730 850,735 851,735 910,730 961,725 996,730 1029,734 1031,734 1033,734 1035,734 1040,730 1047,725 1073,728 1111,735 1113,735 1236,728 1280,726 1287,728 1311,737 1313,737 1315,737 1364,728 1375,726 1377,728 1392,737 1394,737 1395,737 1397,739 1478,739 1478,737 1557,726 1558,708 1557,682 1500,671 1498,671 1430,681 1401,670 1399,670 1353,670 1351,670 1350,670 1348,670 1335,681 1333,682 1174,682 1170,681 1139,670 1137,670 1135,670 1016,679 981,668 980,668 978,668 976,668 945,679 945,681 773,681 771,679 749,668 747,668 745,668 575,677 575,704"/>
        <Baseline points="575,704 1558,708"/>
        <TextEquiv>
          <Unicode>Quant on se rendra compte que tous les résultats</Unicode>
        </TextEquiv>
      </TextLine>

    
    
      <TextLine id="eSc_line_c54ddc6a" >
        <Coords points="371,776 371,796 1533,801 1536,772 1529,734 1505,746 1183,746 1168,735 1166,734 1165,734 1163,734 1161,734 1104,737 950,746 882,737 870,737 868,737 866,737 862,739 842,746 818,739 807,735 806,735 679,735 677,735 675,735 674,735 668,739 661,746 637,739 619,735 617,735 615,735 370,741 371,776"/>
        <Baseline points="371,776 1536,772"/>
        <TextEquiv>
          <Unicode>de la guerre auraient pu être obtenus dans la paix par un</Unicode>
        </TextEquiv>
      </TextLine>

    
    
      <TextLine id="eSc_line_1db82102" >
        <Coords points="370,842 370,867 1657,862 1659,845 1654,801 1602,816 1121,816 1091,805 1080,801 1079,801 1077,801 1075,801 1060,805 1027,814 1016,805 1011,801 1011,800 1009,800 1007,800 1005,800 1003,800 989,805 969,812 914,805 861,800 721,800 719,800 718,800 690,807 672,814 584,814 575,809 562,800 560,800 558,800 556,800 370,809 370,842"/>
        <Baseline points="370,842 1659,845"/>
        <TextEquiv>
          <Unicode>effort général de bonnes volontés, et que la guerre aura laissé</Unicode>
        </TextEquiv>
      </TextLine>

    
    
      <TextLine id="eSc_line_81093afa" >
        <Coords points="370,906 368,926 1674,930 1678,909 1676,880 1580,871 1579,871 1577,871 1553,878 1544,882 1536,878 1518,871 1516,871 1515,871 1513,871 1493,878 1480,886 1223,886 1205,878 1192,875 1190,875 1188,875 1148,878 1095,884 1068,878 1022,869 1020,869 941,878 919,880 914,878 895,869 893,869 892,869 890,869 861,878 851,880 820,878 756,873 754,873 666,878 591,882 580,878 569,873 567,873 566,873 564,873 551,878 538,882 509,878 454,869 452,869 370,876 370,906"/>
        <Baseline points="370,906 1678,909"/>
        <TextEquiv>
          <Unicode>en revanche quels ferments de rancune, de haine, de représailles</Unicode>
        </TextEquiv>
      </TextLine>

    
    
      <TextLine id="eSc_line_b4952fb7" >
        <Coords points="370,975 370,1001 1597,997 1597,975 1595,942 370,950 370,975"/>
        <Baseline points="370,975 1597,975"/>
        <TextEquiv>
          <Unicode>de bestialité : quand on saura, en outre, que la guerre aura</Unicode>
        </TextEquiv>
      </TextLine>

    
    
      <TextLine id="eSc_line_94241ace" >
        <Coords points="370,1039 368,1058 395,1069 397,1069 399,1069 1593,1067 1595,1043 1593,1016 370,1014 370,1039"/>
        <Baseline points="370,1039 1595,1043"/>
        <TextEquiv>
          <Unicode>été, pour une large part, succitée, malgré les gouvernements</Unicode>
        </TextEquiv>
      </TextLine>

    
    
      <TextLine id="eSc_line_ff238e0a" >
        <Coords points="370,1109 370,1129 1613,1129 1613,1109 1613,1083 370,1078 370,1109"/>
        <Baseline points="370,1109 1613,1109"/>
        <TextEquiv>
          <Unicode>et les Parlements, par les manoeuvres d’une bande internatio-</Unicode>
        </TextEquiv>
      </TextLine>

    
    
      <TextLine id="eSc_line_b7fdc724" >
        <Coords points="368,1171 366,1191 1547,1195 1551,1175 1549,1149 368,1146 368,1171"/>
        <Baseline points="368,1171 1551,1175"/>
        <TextEquiv>
          <Unicode>nale de fournisseurs militaires et par leurs journaux tout</Unicode>
        </TextEquiv>
      </TextLine>

    
    
      <TextLine id="eSc_line_fe3b834c" >
        <Coords points="366,1239 366,1268 1540,1266 1542,1244 1538,1212 366,1212 366,1239"/>
        <Baseline points="366,1239 1542,1244"/>
        <TextEquiv>
          <Unicode>puissants, quand on se rendra compte que ces fournisseurs,</Unicode>
        </TextEquiv>
      </TextLine>

    
    
      <TextLine id="eSc_line_64ffacec" >
        <Coords points="366,1327 1216,1338 1218,1338 1284,1331 1289,1331 1293,1331 1346,1340 1348,1340 1650,1331 1652,1312 1648,1277 1027,1283 765,1272 749,1272 747,1272 743,1272 688,1281 613,1270 600,1270 599,1270 571,1270 397,1279 370,1270 368,1305 366,1327"/>
        <Baseline points="368,1305 1652,1312"/>
        <TextEquiv>
          <Unicode>ces journaux, ont joué de la guerre comme d’un épouvantail pour</Unicode>
        </TextEquiv>
      </TextLine>

    
    
      <TextLine id="eSc_line_46413efb" >
        <Coords points="370,1373 368,1389 414,1402 415,1402 417,1402 591,1393 624,1404 626,1404 628,1404 1650,1400 1652,1382 1650,1354 370,1345 370,1373"/>
        <Baseline points="370,1373 1652,1382"/>
        <TextEquiv>
          <Unicode>entretenir l&#39;état général d’inquiétude favorable à leurs sinis-</Unicode>
        </TextEquiv>
      </TextLine>

    
    
      <TextLine id="eSc_line_3a7d9fec" >
        <Coords points="370,1442 370,1466 1646,1466 1648,1446 1646,1418 370,1411 370,1442"/>
        <Baseline points="370,1442 1648,1446"/>
        <TextEquiv>
          <Unicode>tres opérations, alors il se fera un retour d&#39;opinion pour sou-</Unicode>
        </TextEquiv>
      </TextLine>

    
    
      <TextLine id="eSc_line_d59b1e2e" >
        <Coords points="370,1508 368,1525 404,1537 406,1537 408,1537 710,1528 789,1539 791,1539 1152,1530 1210,1541 1212,1541 1494,1532 1568,1541 1569,1541 1628,1530 1630,1514 1628,1486 1507,1475 1505,1475 1416,1484 1408,1484 1406,1484 1381,1475 1379,1475 1377,1475 1324,1484 1318,1484 1311,1484 1264,1475 1262,1475 1223,1484 1216,1484 1207,1484 1139,1473 1137,1473 873,1482 835,1482 829,1482 791,1471 789,1471 787,1471 730,1481 729,1481 666,1471 664,1471 621,1481 617,1481 370,1481 370,1508"/>
        <Baseline points="370,1508 1630,1514"/>
        <TextEquiv>
          <Unicode>tenir, trop tard hélas, mais pour soutenir, à la fin, les hom-</Unicode>
        </TextEquiv>
      </TextLine>

    
    
      <TextLine id="eSc_line_0b8136d7" >
        <Coords points="366,1576 364,1594 520,1607 522,1607 578,1598 597,1607 599,1607 600,1607 659,1598 661,1598 663,1598 690,1607 692,1607 694,1607 740,1598 745,1598 926,1598 939,1600 985,1609 987,1609 1046,1600 1057,1600 1527,1603 1531,1580 1529,1554 1417,1554 1416,1552 1397,1543 1395,1543 1394,1543 1275,1552 1264,1552 1223,1552 796,1543 795,1543 793,1543 771,1550 758,1541 756,1541 754,1541 752,1541 366,1548 366,1576"/>
        <Baseline points="366,1576 1531,1580"/>
        <TextEquiv>
          <Unicode>mes qui ont, comme vous et nos amis, préconisé plûtot que</Unicode>
        </TextEquiv>
      </TextLine>

    
    
      <TextLine id="eSc_line_1ebce434" >
        <Coords points="368,1640 366,1667 1656,1671 1659,1649 1659,1623 1143,1611 1141,1611 767,1616 719,1616 708,1616 628,1607 626,1607 368,1612 368,1640"/>
        <Baseline points="368,1640 1659,1649"/>
        <TextEquiv>
          <Unicode>la guerre l’arbitrage et plutôt que l’arbitrage la conciliation.</Unicode>
        </TextEquiv>
      </TextLine>

    
    
      <TextLine id="eSc_line_8e2a4164" >
        <Coords points="566,1708 564,1733 1075,1731 1100,1741 1104,1741 1106,1741 1108,1741 1137,1741 1311,1733 1331,1742 1335,1742 1337,1742 1339,1744 1586,1744 1588,1715 1586,1689 566,1682 566,1708"/>
        <Baseline points="566,1708 1588,1715"/>
        <TextEquiv>
          <Unicode>Nous devons plus que jamais affirmer notre convic-</Unicode>
        </TextEquiv>
      </TextLine>

    
    
      <TextLine id="eSc_line_dedd07a8" >
        <Coords points="370,1775 368,1797 381,1807 382,1807 384,1807 386,1807 846,1799 961,1808 963,1808 1549,1799 1551,1779 1549,1750 370,1750 370,1775"/>
        <Baseline points="370,1775 1551,1779"/>
        <TextEquiv>
          <Unicode>tion, notre programme, sauver notre organisation ; plus que</Unicode>
        </TextEquiv>
      </TextLine>

    
    
      <TextLine id="eSc_line_d1af1f98" >
        <Coords points="370,1841 370,1867 1135,1865 1181,1874 1188,1874 1190,1874 1218,1874 1392,1867 1645,1876 1648,1850 1646,1816 1157,1819 1144,1814 1132,1808 1130,1808 1128,1808 1088,1814 1062,1818 1035,1814 996,1808 994,1808 992,1808 972,1814 958,1818 952,1814 947,1808 945,1808 943,1808 941,1808 853,1814 811,1816 796,1814 760,1807 758,1807 756,1807 754,1807 745,1814 740,1818 628,1818 602,1814 529,1805 527,1805 370,1812 370,1841"/>
        <Baseline points="370,1841 1648,1850"/>
        <TextEquiv>
          <Unicode>jamais notre devise &quot;Pro patria per obis concordiam&quot;, sera celle</Unicode>
        </TextEquiv>
      </TextLine>

    
    
      <TextLine id="eSc_line_0aaed412" >
        <Coords points="366,1909 364,1926 382,1937 384,1937 575,1938 577,1938 1623,1937 1624,1920 1623,1893 366,1882 366,1909"/>
        <Baseline points="366,1909 1624,1920"/>
        <TextEquiv>
          <Unicode>de tout bon patriote qui voudra développer la prospérité inté-</Unicode>
        </TextEquiv>
      </TextLine>

    
    
      <TextLine id="eSc_line_4627cae7" >
        <Coords points="364,1977 364,2006 476,1999 562,2008 564,2008 566,2008 567,2008 586,1999 936,2012 956,2012 958,2012 959,2012 961,2012 974,2002 1232,2002 1698,2017 1701,1988 1698,1953 1564,1958 1533,1951 1527,1949 1526,1949 1524,1949 1522,1949 1518,1949 1483,1958 1386,1949 1368,1948 1366,1948 1351,1948 1265,1957 1161,1946 1148,1946 1146,1946 1139,1946 1069,1955 952,1944 943,1944 941,1944 934,1944 826,1953 815,1944 815,1942 813,1942 811,1942 696,1942 633,1942 632,1942 630,1942 593,1951 364,1938 364,1977"/>
        <Baseline points="364,1977 1701,1988"/>
        <TextEquiv>
          <Unicode>rieure de son pays à la faveur de ses bonnes relations extérieures</Unicode>
        </TextEquiv>
      </TextLine>

    
    </TextRegion>
    
  </Page>
</PcGts>
