1734 2197
728 69 845 135 - 3 -
525 170 1582 245 Cette indication d’Herriot est certainement insuffi-
305 245 1582 305 sante ; il est tr ès intelligent, tr ès actif, dévoué à nos idées,
305 314 1620 378 mais il est incapable de soutenir les hommes qui les soutiennent ;
309 375 1666 448 il sera le premier, apr ès nous avoir suggéré une initiative, à nous
307 448 1572 508 abandonner, le jour où elle rencontrera quelque obstacle. Mais
305 508 1649 576 Hanotaux lui-même n’en avait pas moins émis la même idée, au début
309 574 1614 648 de la guerre. Je n'ai rien répondu, rien dit, et je continuerai€s€
307 640 1647 715 à me taire ; mais si, apràs réflexion, il vous semblait qu'on puis-
311 719 1647 774 se tirer quelque chose de ce projet et, avec toutes sortes de pré-
313 776 1673 845 cautions indispensables, la réaliser dans une limite à étudier très
311 847 1651 917 rigoureusement , peit-être pourrions-nous songer à préparer le ter
311 915 1594 981 rain ? Il faudrait savoir d’abord si les Gouvernements Français
311 975 1585 1043 et Belge l’envisageraient favorablement, comme il est probable;
313 1056 1657 1120 cela fait, si les deux Gouvernements étaient d’accord, non pas seu-
311 1124 1675 1175 lement pour autoriser mais pour désirer l’enquête, alors, et alors
314 1186 1675 1243 seulement, sous ma direction plus ou moins déclarée, nous pourrions
311 1248 1594 1318 organiser une mission dont malheureusement Godart ne ferait pas
311 1314 1647 1380 partie mais où vous enverriez Dutton, Jordan et un troisi ème Amé-
313 1389 1616 1450 ricain, choisi parmi les meilleurs, un Brookling par exemple, ou
313 1450 1613 1517 un Keppel, qui parle français je me mettrais d’accord avec Her-
313 1521 1571 1576 rick,- perle rare, - pour qu’il prenne au besoin sur lui l'ini-
316 1589 1594 1645 tiative d'en parler à notre Ministre de la Guerre et pour qu'il
318 1653 1651 1713 facilite, d’accord avec moi, la mise en train... Cela n’est peut-
318 1713 1633 1783 être pas impossible si l’enquête peut rester limitée à une simple
316 1783 1594 1847 visite des villes et villages incendiés et pillés, de Louvain à
316 1845 1635 1918 Reims, à Lille, à Soissons et à toute notre région de l'Est. Dans
320 1918 1629 1990 ces limites, l’enquête serait assez simple ; elle se compliquerait
