1752 2197
903 135 1029 214 - 3 -
364 247 1552 325 Louis XV et de Louis XVI et de Napoléon, sans apercevoir la
364 320 1609 391 misère de la politique de conquête et en se livrant à des fan-
368 384 1572 454 taisies sans portée. Mais j’ai vigoureusement applaudi hier
366 463 1605 519 des passages dont je compte me servir plus tard ; j’ai applaudi
362 529 1587 589 ce qu'il a dit concernant la Rive Gauche du Rhin, les classes
362 596 1572 653 dirigeantes, la dépopulation, etc...etc…. Mais comment ne
366 664 1631 719 pas constater qu'il n'a pas songé un instant que chacune de ses
366 725 1590 781 paroles se retournait contre la guerre, e/n faisait ressortir
366 790 1647 849 l’inanité, la bêtise, comme le crime. Et alors ! Que penser de
366 858 1647 922 ces Assemblées qui applaudissent à tout rompre ce tissu brillant
362 928 1539 979 mais fragile et décevant de contradictions et de paradoxes,
364 992 1609 1052 cette légèreté enfin d'un esprit dont la profondeur est grande
366 1063 1561 1116 aux yeux seuls de son auditoire, mais en réalité si limitée.
621 1131 1588 1190 Je me suis borné, dans la discussion et avant le
361 1190 1605 1252 discours du Président du Conseil, à prendre acte de toutes les
362 1252 1585 1316 déceptions de cette guerre, déceptions qu'on essaie de mettre
361 1327 1526 1382 sur le seul compte du Traité. Vous trouverez mon discours
362 1393 1543 1450 également à l'Officiel. On m'a écouté sans protester, sans
357 1455 1620 1519 m’interrompre, dans un sentiment de malaise général que je n’ai
359 1523 1616 1585 pas voulu souligner de peur de soulever une discussion confuse.
359 1592 1581 1655 On m'a écouté ; les membres du Gouvernement ne disant rien et
359 1658 1563 1709 me regardant plutôt de travers. Le Sénat non plus ne disait
357 1717 1603 1781 rien ; il n'en pensait peut-être pas davantage ; mais il ne m’a
357 1781 1656 1856 tout de même pas arrêté dans mon très rapide exposé.. Quelques-
355 1860 1559 1927 uns même de mes collègues par-ci par-là, ont applaudi. J'en
