1741 2197
872 98 1006 173 - 3 -
406 247 1566 302 optimisme indomptable veut constater aujourd'hui, une fois
408 307 1605 367 de plus, c’est que toute la bêtise et la méchanceté humaines
406 375 1629 443 n'ont pu empêcher le soleil de Mars de se lever comme si rien
406 439 1530 497 ne s'était passé. La guerre est notre œuvre ; elle n'a
408 512 1607 567 existé que pour notre planète ; elle est notre erreur, notre
408 571 1568 631 châtiment ; elle ne change rien au cours des choses ; elle
408 648 1625 699 n’arrête pas d'un millième de seconde le mouvement universel;
412 706 1629 772 elle à fait tout le mal possible, mais, tout de même et malgré
412 770 1508 831 tout, la vie continue autour de nous, au-dessus de nous.
700 834 1609 891 Même à Paris, l'activité de tout ce monde qui
410 913 1588 957 constitue la Conférence de la Paix, réagit sur ceux d'entre
406 964 1629 1027 nous qui ne font pas partie de la conférence. Je suis obligé
406 1041 1588 1089 de déjeuner, de dîner en ville, de siéger dans maintes com-
406 1105 1607 1164 missions, de parler, d'agir, et même, hélas ; de recevoir, ce
412 1158 1544 1232 qui est le plus insoluble des problèmes, pourtant résolu.
703 1237 1598 1301 Si vous étiez tombé du ciel hier rue Molitor,
410 1296 1570 1351 vous auriez cru, comme moi, rêver. J'ai voulu, comme vous
410 1362 1568 1422 savez, atténuer, dans la mesure/possible, les froissements
414 1435 1561 1488 interalliés de l’après-guerre et reprendre nos traditions,
410 1492 1592 1559 plus nécessaires que jamais de conciliation. Et ces tradi-
412 1567 1588 1616 tions répondent si bien à un besoin, qu'il ne me suffit pas
414 1625 1616 1689 d'avoir, heureusement, à ma disposition, la rue Pierre-Curie,
412 1684 1656 1750 le Cercle Interallié et, dans une mesure, le Bd. Saint-Germain
412 1759 1629 1816 le Sénat et la chambre des Députés restés très-fidèles ; il me
412 1829 1590 1878 faut tout de même inviter nos amis, tant bien que mal, mais
412 1885 1592 1957 les inviter chez moi, en famille. Quelques réceptions dans
