1754 2197
276 131 492 206 COPIE
941 199 1477 259 Schwanden, près Sigriswil
1241 245 1537 296 Lac de Thoune,
1039 331 1285 393 6 Aout 1914
1309 276 1442 325 SUISSE
657 474 1131 529 Cher Monsieur le Baron,
377 664 1662 741 votre patrie, si brutalement attaquée. J'ai vu venir ce danger
571 602 1647 670 Mes pensées et mes sympathies sont avec vous et avec
375 741 1620 805 je vous l'ai dit à Paris, mais je n'aurais pas cru qu’il soit
377 803 1563 865 si pr ès et j’espérais toujours que les éléments pacifistes
373 871 1016 931 pourraient encore le paralyser.
375 1006 1603 1080 et pu être évitée. Les militaristes ont emporté la victoire
574 944 1563 1005 La voilà donc venue la catastrophe qui aurait dû
378 1082 1600 1144 sur l’Empereur et son gouvernemant. Je l’ai annoncé l’année
373 1142 1572 1204 passée, dans mon "Chauvinisme Allemand" qu’il fallait pren-
373 1208 831 1281 dre garde à ce danger.
373 1347 1570 1409 moi de rentrer en Allemagne, et je ne le voudrais même pas.
576 1281 1543 1343 Je reste ici en Suisse ; il n'y a pas moyen pour
373 1407 1598 1473 J’espère pouvoir travailler ici en paix, autant que possible
369 1482 1561 1539 dans les circonstances actuelles. On me dit que M. Butler
373 1548 1596 1611 est en Suisse. Ne pourriez-vous pas me donner son adresse ?
373 1622 1232 1675 Je voudrais me mettre en rapport avec lui.
574 1678 1576 1737 Soyez convaincu que mes voeux et mes pensées vous
373 1746 1497 1816 accompagnent dans cette misère et que je serai toujours
972 1808 1340 1874 Votre tout dévoué
1131 1878 1356 1940 O. Nippold
208 1968 1115 2039 Monsieur le Baron d'Estournelles de Constant
