1752 2197
890 117 1002 181 - 5 -
373 258 1634 324 Venizelos, Hymans, les Ministres du Brésil, du Canada, d’autres
375 324 1576 386 encore. Et voici que, d'autre part, reprennent mes réunions
375 391 1559 450 de l'aviation civile pour l'aéronautique d’après-guerre, du
375 454 1596 516 service de santé, des colonies, des grands voyages..... Et le
375 518 1557 574 soleil de Mars triomphe, comme par le passé, des giboulées ;
381 585 1537 644 comme la vie triomphe de la destruction, comme il faut que
381 644 1537 725 la confiance triomphe de nos épreuves et de nos angoisses.
1022 809 1478 865 Affectueusement à vous,
1026 893 1563 979 ££
238 1201 1182 1283 à Monsieur le Président Nicholas Murray BUTLER,
648 1281 857 1351 NEW-YORK.
