1745 2197
921 133 1060 190 - 15 -
408 256 1574 324 Suisse des résultats plus encourageants ; votre propagande
410 338 1613 389 y a trouvé plus d'écho. Voulez-vous nous dire de quelle ma-
408 393 941 461 nière elle s'est exercée ?
406 492 726 560 M. O. NIPPOLD,-
882 492 1593 552 En Suisse, en effet, les progrès de
413 565 1609 624 l'opinion sont plus marqués. Malheureusement, nous n’avions
411 637 1649 690 que bien peu de moyens d’action à notre service. Nous n’avons
410 704 1609 759 presque rien pu faire par la presse ; le papier était hors de
404 763 1534 823 prix, et surtout la bienveillance du Gouvernement nous a
406 825 1571 887 fait défaut, de sorte que nous n’avons jamais eu la presse
406 895 1578 955 avec nous. Aussi ai-je le droit de conclure que l'opinion-
408 963 1596 1019 en Suisse, telle qu’elle s'exprime par la voie des journaux,
408 1030 1543 1087 diffère essentiellement de la véritable opinion publique.
408 1087 1649 1155 Si on s'en tenait à l’examen des journaux, on ne verrait pres-
410 1158 1625 1221 que pas de progrès, et cependant, je puis affirmer que l'opi-
404 1222 1587 1277 nion générale de la Suisse allemande est aujourd'hui sensi-
404 1294 1490 1351 blement la même que celle de la Suisse romande. Si on
404 1362 1525 1417 compare la situation présente avec celle qui existait au
402 1424 1585 1486 début de la guerre, on ne peut nier qu’il y ait progrès, et
397 1488 715 1541 grands progrès.
397 1580 758 1660 M. le PRÉSIDENT.-
875 1594 1602 1651 remercie M. le professeur NIPPOLD de
399 1651 1585 1715 son intéressante communication, XX écoutée avec beaucoup de
399 1719 1206 1783 sympathie par tous les membres présents.
692 1880 1616 1957 M. le Président donne alors lecture de l'ordre
