1735 2197
785 115 897 173 - 5 -
230 208 1588 265 culture allemande ", de la culture humaine, se saisissent parfois de
230 278 1533 333 tout ce qu’ils trouvent dans la rue d’habitants, sans distinction
229 346 1588 400 d'âge ni de sexe, soit pour les pousser devant eux et s’en faire ces
229 406 1586 466 boucliers de chair humaine dont on a tant parlé, soit pour les emme-
225 476 1551 540 ner comme otages ou pour en faire des prisonniers. Tout cela varie
230 541 1588 596 selon la région, selon les chefs dont quelques uns heureusement font
230 615 1608 668 exception ; c’est ainsi qu’ils ont pris, dans le nord, un grand nombre
232 681 1610 734 de tout jeunes gens qu’ils envoient en Allemagne pour remplacer leurs
225 735 1549 796 ouvriers mobilisés, et que, du même coup, ils empêchent de grandir
227 807 1551 864 en France pour les combattre. A Lille ils ont enlevé par milliers
225 865 1623 941 des jeunes gens de 15, 16, 17 ans dans la population civile ; mes jeu-
225 937 1575 1001 nes réfugiés de Créans avaient à grand peine réussi à leur échapper.
324 1008 1564 1060 A Senlis ils ont naturellement trouvé moins de ressources ; ils
223 1072 1540 1122 se sont bornés à faire prisonniers le maire de la ville et un cer-
227 1129 1507 1191 tain nombre de notables ; pour faire un exemple mémorable ils ont
1408 1113 1467 1162 l'
227 1206 1542 1257 contraint à assister, avant de mourir, à l’exécution de ses compa-
223 1265 1560 1331 gnons ; au préalable ils lui avaient fait creuser sa fosse ; son tou-
223 1331 1577 1398 venu, ils se sont amusés à l'y ensevelir les pieds en l'air, la tête
225 1398 395 1457 au fond.
324 1466 1544 1525 Trouvez-vous qu’il y ait grande différence entre ces infamies
225 1530 1582 1592 et celles que nous avons voulu flétrir en publiant, il y a quelques
223 1596 1504 1649 mois seulement, notre enquête sur les atrocités des deux guerres
223 1662 496 1724 balkaniques ?
318 1726 1579 1781 Non ; et maintenant voilà ces deux guerres qui vont être suivies
223 1790 1560 1850 d!une troisi ème où le fanatisme musulman, prenant ses revanches en
225 1860 1522 1920 Europe, en Afrique, en Asie, va surenchir sur toutes les horreurs
223 1926 1676 1990 du passé et fournir au militarisme allemand un auxiliaire qui le complète
