1757 2197
837 192 950 259 - 2 -
360 283 637 355 naissances !!!
359 422 1625 496 non pas les vieillards, - qui se soignent très bien, - mais les
536 357 1676 430 Et n'oublions pas que, parmi les décès, figurent surtout,
360 494 1124 560 enfants en bas âge, le dernier espoir.
357 631 1681 693 laissé survivre le reste : les plus égoïstes s'en sont tirés et ils
534 556 1588 626 La guerre a élimimé les plus généreux de nos fils et
357 701 1661 763 ne se gênent pas pour faire leurs habituelles déclarations d’abs-
359 757 1555 823 tention ; "pas d’ennuis, pas d’enfants ou le moins possible".
359 829 1625 897 Tandis que les chauvins, toujours intelligents, surenchérissent
353 891 1643 968 en interdisant l’importation de la main d’œuvre et des produits
355 959 648 1025 de l'étranger.
534 1025 1562 1102 Donc il ne reste à la France qu’à mourir de gloire!
534 1096 1663 1164 Il faut entendre aussi les mères, celles qui, n’ayant pas
357 1160 1676 1235 compté avec leurs sacrifices, ont donné à nos armées deux ou trois
355 1222 1681 1298 fils qui ne sont plus, ou qui sont invalides : il faut les entendre
351 1294 1244 1363 proférer ce mot terrible ; "Si j'avais su!!!"
529 1356 1659 1435 M. CLEMENCEAU fait le procès de nos dirigeants ; les fem-
351 1428 1278 1492 mes ne font pas de discours, elles font grève.
769 1517 1357 1596 Votre affectueusement dévoué,
157 1638 965 1728 à Monsieur le Président N. Murray BUTLER
349 1719 534 1799 NEW YORK
1016 1607 1372 1744 ££
