1737 2197
894 108 1015 161 - 5 -
316 239 1621 309 confiance que vous m’avez témoignée, depuis bientôt vingt années,
316 309 1608 378 et vos actives sympathies pour mon long effort. Combien je suis
315 382 1344 448 plus fier de cet effort qu’humilié de mon échec!...
714 439 1588 512 Et maintenant, en campagne de nouveau pour
313 514 1529 574 les élections sénatoriales du 11 Janvier. Là c’est un autre
315 582 1566 635 collège électoral€è€ beaucoup de républicains attaqués comme moi
313 651 1606 708 sans merci, me soutiendront. Ils me connaissent. Mais ce n'est
311 714 1526 779 pas à la pleine lumière d'un combat loyal qu'on n’attaquera ;
313 776 1566 845 c'est par des manoeuvres lancées pour faire perdre la tête, ne
311 851 1586 917 fut-ce qu'un instant, au corps électoral. Et ces manoeuvres me
311 913 1528 977 répugnent au point que je ne puis ni les prévoir ni même m'y
311 975 1106 1052 intéresser. C'est ma grande faiblesse.
927 1083 1517 1155 Votre affectueusement dévoué,
892 1177 1471 1283 ££ ££ ££
207 1440 1152 1521 à Monsieur le Président Nicholas Murray BUTLER,
622 1508 820 1576 NEW-YORK.
