1735 2197
886 129 994 210 - 2 -
307 274 1599 336 Donc il faut relever les traitements des fonctionnaires départe-
305 344 1617 410 mentaux et ceux des agents communaux, dans la même proportion que
307 419 1542 470 ceux des fonctionnaires de l'Etat. On se rend bien compte du
305 483 1610 540 fardeau qui résultera de ces accroissements pour le contribuable,
305 551 1617 604 quand on suit ce que font, dans cet ordre d’idées, nos assemblées
307 615 1570 675 départementales. Le Conseil Général de la Sarthe, par exemple,
307 681 1557 746 vient d'être convoqué en session extraordinaire pour fixer les
307 741 798 807 augmentations à décider.
683 809 1615 876 Le travail était si insuffisamment préparé que
302 880 1516 944 notre assemblée, consciencieuse quoique peu laborieuse, dans
305 952 1636 1014 l'ensemble, a renvoyé la solution à une session ultérieure, malgré
302 1019 1614 1085 l'urgence. Ce travail était, à la vérité, d'une complexité inex-
304 1083 1610 1147 tricable ; chaque augmentation ayant pour conséquence un accrois-
302 1147 1636 1212 sement de retraite, à calculer, et, d’autre part, une répercussion
304 1221 1593 1281 sur les traitements inférieurs. Ainsi, on ne peut augmenter les
305 1290 1573 1343 traitements des agents voyers et ajourner le réglement de leurs
304 1347 1604 1420 sous-agents, des cantonniers par exemple, qui sont très nombreux.
701 1422 1592 1484 Or, d'après les tableaux d’augmentations qui
302 1477 1559 1550 avaient été dressés pour éclairer nos débats, et dont voici un
302 1548 1531 1611 échantillon, d’ailleurs médiocre, vous pourrez toucher sur le
300 1614 1619 1678 vif ce que, -en outre des deuils, de la diminution de la natalité,
298 1684 1650 1752 des destructions irréparables et des hymalayas de dettes suspendues
300 1759 1630 1816 sur nos têtes,- ce que va représenter, pour le contribuable, cette
300 1819 1546 1893 inondation souterraine d'augmentation de tous les traitements.
