1745 2197
919 117 1034 175 - 4 -
408 247 1609 309 catholique, il a compris que l’agression allemande contre la
402 320 1604 378 Belgique était inacceptable par tous ; il a mis tous ses er-
408 388 1578 446 forts à faire naître autour de lui d’autres protestation"s,
406 446 1550 512 et l'on peut dire qu’il a été l'un de ceux qui ont essayé
404 519 1585 571 d'atténuer ce qu'il pouvait y avoir d’excessif dans la neu-
406 576 776 640 tralité espagnole.
699 644 1464 723 J’arrive aux Etats-Unis. Qu’a fait la
402 712 1640 779 Dotation Carnegie ? Il ne me sera pas facile de vous l'expli-
406 779 1567 836 quer ; vous ne pourriez le savoir qu'à la condition d’avoir
401 854 1556 909 vécu avec nous à Paris, pendant les mauvais jours surtout,
399 909 1343 974 dans notre patit bureau de la rue Pierre-Curie.
693 984 1585 1047 Je n'ai pas accepté un instant l'idée que la
397 1049 1563 1111 neutralité des Etats-Unis puisse être considérée comme na-
402 1116 1582 1169 turelle, en face de l’agression allemande. Dès le début de
401 1184 1560 1237 la guerre, j'ai écrit à mes amis Américains, (au Président
397 1246 1578 1310 Butler notamment, avec qui j’ai entretenu régulièrement une
402 1309 1576 1376 correspondance amicale et des plus suivies, qu’ils ne pou-
399 1380 1580 1437 vaient rester spectateurs du crime, que leur neutralité, au
397 1448 1574 1506 point de vue européen et américain, était une anomalie, qu'
397 1512 1580 1574 elle les priverait du droit de prendre place plus tard à la
397 1574 1596 1642 conférence qui réglerait le sort du Monde. Je n'ai donc pas
399 1645 1580 1708 interrompu mes bonnes relations anciennes avec eux ; j'en ai
395 1711 1519 1768 profité au contraire pour les avertir franchement qu’ils
395 1777 1569 1839 faisaient fausse route en s’enfermant dans leur neutralité.
668 1847 1574 1904 Je voudrais pouvoir vous mettre sous les yeux
397 1904 1611 1977 le volume, les volumes, que représente ma correspondance avec
