1751 2197
899 139 1033 201 - 21 -
694 281 1446 349 Le Conseil adopte la motion suivante:
522 424 1448 476 "plus urgent l’heure actuelle serait la fon-
582 393 1470 448 "Le Conseil réuni estime que ce qu'il y a de
525 459 1390 508 "dation d'un journal de diffusion populaire
522 492 1448 545 "pour faire contrepoids, dans tous les pays, à
520 529 1009 578 "la presse de mensonge".
413 622 738 693 M. O. NIPPOLD.-
853 618 1624 679 Permettez-moi de souligner tout parti-
417 692 1586 743 culièrement l’assentiment que j’apporte à ce projet. C'est
415 761 1551 816 là la première œuvre à entreprendre. Nous avons besoin
415 825 1606 887 d'un journal quotidien pour contre-balancer l'influence des
417 893 1564 946 journaux édités par Krupp et ses pareils. Que ce ne soit
417 963 1564 1017 pas seulement un journal intellectuel, mais un journal de
415 1030 712 1078 vulgarisation.
412 1118 1544 1188 M. le Prof. Charles RICHET. - Pourvu, toutefois, comme
413 1184 1602 1243 avait bien soin de le spécifier notre Président, qu’il soit
413 1248 1564 1318 très bien rédigé, qu'on y parle de tout, des courses, des
413 1321 1573 1380 cours de la Bourse, qu’il y ait des chroniques de la mode,
415 1385 1598 1450 des théâtres, etc...etc... Moyennant cette condition, j'in-
413 1457 1542 1514 siste, moi aussi, pour qu'il soit bien entendu que c’est
413 1521 1542 1580 là le seul moyen d’agir, d'une manière efficace, sur une
413 1587 1560 1645 opinion publique que des excitations malsaines conduisent
415 1658 967 1715 à l'aberration et au crime.
408 1741 1580 1812 M. le PRÉSIDENT.- Après avoir constaté qu’il y a eu sur
412 1814 1617 1882 tous les points accord absolu entre les assistants, remercie
413 1885 1637 1953 les membres présents de leur concours et lève la séance en se
