1735 2197
831 124 1126 197 LETTRE N° 602.
278 294 474 366 SENAT
1110 351 1608 428 PARIS, 15 Décembre 1919.
469 497 1573 600 LE BILAN DE LA GUERRE DRESSÉ PAR LA DOTATION CARNEGIE.
967 693 1304 750 Mon cher Butler,
315 924 1619 988 et non la presse bien pensante, a publié hier matin, 14 Décembre,
633 854 1603 919 Un journal de Paris, l'"HUMANITÉ", bien entendu,
313 997 1590 1054 en première page, un article saisissant, résumant un rapport de
315 1061 1309 1118 la Dotation Carnegie sur les pertes de la guerre.
311 1188 1425 1257 résumeront le rapport en question. Cela est essentiel.
633 1125 1610 1184 Voici cet article. J'espère que d’autres journaux
309 1329 1588 1389 de cette effroyable guerre, cela suffirait déjà à justifier son
650 1261 1606 1318 Si la Dotation n'arrivait qu'à dresser le bilan
302 1396 1222 1450 existence ; mais ce n'est qu'un commencement.
309 1521 1584 1583 anticipation, tous les éléments que j'ai pu réunir pour nourrir
652 1464 1586 1525 Je lui fournirai, et je lui ai fourni déjà par
313 1592 1604 1658 son enquête. Nous ne serons pas trop de deux volontés de chaque
309 1664 648 1719 côté de l'océan.
307 1788 1584 1860 et en Europe et dans le Monde entier. Comptez sur moi plus que
650 1722 1564 1786 Voilà l’œuvre à poursuivre et aux Etats-Unis
130 1948 1079 2017 à Monsieur le Président Nicholas Murray BUTLER.
