1733 2197
848 183 967 243 - 4 -
388 274 1656 346 créée la légende contre PAINLEVÉ et contre le parti républicain.
384 422 1602 483 années et demie de disgrâce. Je vous ai transmis sa réplique
544 349 1562 422 Heureusement PAINLEVÉ a pu se défendre, après deux
390 496 1643 549 et à la Chambre et dans son livre. Mais je constate que cette
386 560 1547 615 défense trouve de l'écho. Je vous signale les articles XX
392 624 1562 681 ci-joints d’une revue "L'OPINION" qui n!est pas cependant
388 688 1637 759 suspecte de partialité et qui vien€t€££/de paraître sous ce titre:
393 761 802 816 "L'Affaire NIVELLE".
392 889 1665 959 trent à nu le mécanisme de la calomnie internationale partie de
551 831 1604 882 Ces articles m’intéressent surtout parce qu’ils mon-
392 972 1650 1027 Paris pour New York, puis répandue de là dans le monde entier.-
545 1032 945 1091 Ab uno disce omnes.
688 1136 1269 1184 Votre affectueusement dévoué
1057 1186 1471 1277 ££
232 1285 1046 1363 à Monsieur le Président N. Murray BUTLER
403 1367 602 1451 NEW YORK
258 1446 454 1525 ££
