1747 2197
831 192 946 259 - 2 -
377 289 1602 367 publics vient d’élever à 4.200 francs par an le traitement de
375 371 1660 437 début des .... gardiens d'écurie, manoeuvres et hommes de peine
375 437 1681 492 de ses services, et à 4.520 francs, celui des gardiens de bureaux
379 510 1644 565 des chemins de fer. D'autre part, un projet de loi dont le vote
379 573 1664 637 est imminent va porter de 12 à 15.000 francs les traitements de
377 640 1681 703 professeurs des lycées de Paris dont il avait été convenu que les
375 704 1666 761 appointements serviraient de termes de comparaison pour l’appré-
379 783 1681 834 ciation de ceux des secrétaires actuels du Bureau européen, pour-
377 844 1688 904 vus de titres universitaires pouvant justifier cette assimilation.
534 908 1675 974 Vous savez, mon cher président, que si nous n’avions pas,
373 981 1642 1028 PUECH et moi, quelques ressources personnelles, nous aurions dû
375 1038 1684 1102 depuis longtemps chercher des fonctions moins agréables peut-être.
375 1114 1659 1168 mais plus rémunératrices que celles que nous occupons. Mais vous
375 1177 1638 1239 savez aussi que la guerre a porté atteinte à ces ressources, et
373 1254 1659 1307 qu’en ce qui me concerne, la ruine du Familistère de Guise, dont
373 1314 1637 1365 le directeur évalue les pertes à 18 millions, a enlevé beaucoup
373 1373 1637 1433 de la sécurité avec laquelle je pouvais envisager le présent et
375 1444 1699 1510 l’avenir. Quant à RUYSSEN, il continue, après comme avant la guerre
375 1504 1695 1576 à ne pouvoir compter pour vivre, lui, sa femme et ses cinq enfants,
377 1585 1679 1649 que sur son travail de chaque jour. La situation est la même pour
373 1651 1657 1708 nos dames employées ; elles ne sont pas chargées de famille, mais
373 1708 1693 1775 elles doivent se suffire à elles-mêmes, en un temps où le problème
373 1783 1571 1841 est au moins aussi ardu pour les femmes que pour les hommes.
531 1850 1659 1915 Avec le 1er juillet prochain commencera pour la DOTATION
