1735 2197
982 148 1119 203 - 22 -
430 281 1608 346 félicitant du succès de cette première réunion qui inaugure
428 347 1551 410 heureusement le retour du Bureau Européen à son activité
430 410 798 485 d’avant la guerre.
701 508 1308 587 La séance est levée à 5 h 1/2.
423 730 723 800 M. SALVEMINI.-
785 721 1623 800 Délégué italien à la réunion des Associa-
423 798 1604 867 tions alliées pour la Société des Nations, mis en partie au
423 867 1601 930 courant des délibérations du Conseil touchant à la création
421 933 1564 986 d'un grand quotidien, appuie chaleureusement la motion de
419 999 1542 1060 M. d'ESTOURNELLES de CONSTANT. Le sentiment unanime des
419 1061 1564 1127 organisations italiennes, dit-il, est qu'il n'y a rien de
421 1129 1520 1188 plus urgent que la création d'un tel journal qui ferait
419 1188 1617 1263 contre poids à tant d’autres feuilles, véritables "fabriques
417 1248 687 1318 d'explosifs".
714 1323 1581 1384 Il préconise la création d’un journal de ce
415 1396 1518 1455 genre dans chacun des grands pays alliés. Ces journaux
419 1461 1581 1517 "nationaux", auraient en commun une agence d 'informations
415 1528 1614 1590 qui demeurerait indépendante des agences gouvernementales ou
414 1587 1648 1655 privées, et dont une des fonctions, - la principale peut-être, -
414 1651 1628 1713 serait de contrôler les nouvelles et de ne mettre en circula-
412 1724 1573 1775 tion que les dépêches reconnues véridiques. On obligerait
419 1761 1592 1812 ainsi même les agences gouvernementales à ne donner que des
419 1792 1588 1847 informations sérieuses et on éviterait d'avoir à rectifier
421 1823 1626 1883 toutes les nouvelles fausses qui sont lancées si délibérément
423 1858 1504 1922 et dont la portée néfaste est quelquefois incalculable.
