1737 2197
884 146 1026 201 - 10 -
368 270 1621 344 seul, par sa violence, les augmentations de salaire££s££ que récla-
364 335 1601 404 mera vainement le travail intellectuel. Un ouvrier finit par
370 410 1583 477 être plus payé pour graisser une machine que l'ingénieur qui
368 476 1566 549 l'a conçue ou que le professeur qui nous enseigne à nous en
368 558 551 607 servir !
725 615 1524 670 Ajoutez à cette légion de mécontents la
368 673 1586 741 multitude des petits ou gros profiteurs de la guerre, qui ne
371 748 1540 809 veulent pas qu’on porte atteinte à leur gain, à leur bien,
371 816 1546 882 et pour lesquels les élections se sont faites dans la peur
370 878 1625 942 d'être dépouillés ; vous comprendrez que les contradictions de
375 948 1557 1010 la nouvelle loi électorale, les divisions des républicains,
373 1023 1588 1082 les violences des socialistes bolchevistes, n'ont pas seules
375 1080 1570 1144 fait le succès de la réaction. La réaction a profité de la
377 1147 1597 1213 démoralisation d/e la guerre ; c’est normal. Reste à savoir,
375 1219 1608 1274 encore une fois, si la réaction sera capable de s’imposer les
377 1288 1572 1349 immenses sacrifices nécesaires pour remettre les choses en
375 1347 1507 1411 place ou si elle abusera de son pouvoir pour imposer ces
377 1418 1608 1475 sacrifices à d’autres qu'à elle. Or, comme cet abus est tout
377 1479 1529 1550 son principe, son origine et sa fin, nous savons où il la
377 1550 1350 1625 mènera, et la France avec elle, malheureusement.
718 1742 1614 1808 Quant à moi, je repars demain pour affronter
381 1812 1610 1882 dans la Sarthe et enfin braver en face la meute des calomnia-
384 1880 1555 1946 teurs qui ont bénéficié pendant cinq ans de l’impunité que
