1749 2197
195 119 567 183 Annexe à ma lettre
282 172 424 234 N° 473.
192 223 419 311 SÉNAT
1043 248 1514 327 PARIS, 1° Février 1919
705 512 1655 582 le Bureau Européen de la DOTATION CARNEGIE POUR
408 582 1560 653 LA PAIX INTERNATIONALE s’est réuni, pour la première fois
412 657 1644 714 depuis la déclaration de la guerre, le Samedi 1° Février 1919,
410 723 1576 776 à 3 heures de/l’après-midi, au siège social : 24 rue Pierre-
413 783 1635 845 Curie. Cette première séance d'études préparatoires réunis-
413 853 1595 909 sait quelques-uns des collaborateurs alliés du Bureau Euro-
412 920 1589 988 péen, sous la Président de M. d’ESTOURNELLES de CONSTANT .
415 984 761 1052 Etaient présents:
686 1054 780 1114 M.M.
884 1050 1126 1105 André WEISS
884 1122 1184 1182 Charles RICHET
884 1179 1168 1243 Justin GODART
884 1250 1164 1303 de LADRADELLE
886 1314 1360 1373 S. Ex. LOU TSENC TSIANG
886 1380 1327 1444 Professeur O. NIPPOLD
886 1446 1249 1512 Prof. Th. RUYSSEN
886 1515 1166 1572 Jacques DUMAS
412 1570 1498 1634 J.J. PRUDHOMMEAUX et J.L. PUECH, Secrétaire Général et
410 1638 1177 1704 Secrétaire Adjoint du Bureau Européen.
705 1717 1529 1774 Le Président présente les excuses de M.M.
412 1772 1639 1834 Ed. GIRETTI et Rt. Hon. Lord WEARDALE, empêchés, à leur grand
412 1841 1433 1913 regret, de venir à Paris prendre part à la séance .
688 1909 1536 1966 Le Président souhaite la bienvenue à M. le
413 1984 1556 2045 Professeur Nippold. Bien que notre réunion, dit-il, soit
