1737 2197
820 166 1097 248 LETTRE N° 599.
247 349 463 421 SENAT
1007 432 1544 505 CREANS, 13 Décembre 1919.
632 648 1231 712 SUITE DU BILAN DE LA GUERRE .
908 844 1244 908 Mon cher Butler,
294 1078 1564 1140 doubler les salaires des ouvriers, tandis que seuls les revenus
734 1005 1564 1076 Tandis que nous voyons, depuis la guerre,
296 1151 1539 1213 des petits rentiers, - les nouveaux pauvres, - n’augmentent pas
296 1217 1504 1276 tandis que les cultivateurs triplent ou quadruplent les prix
294 1279 1568 1338 de tous les produits de la vie, il a bien fallu songer à élever
294 1347 1586 1409 aussi les traitements des fonctionnaires ; et c’est ce que l'Etat
293 1422 454 1470 a fait.
294 1550 1465 1616 l'Etat ; il y a, en outre,-sans parler des administrations
729 1479 1566 1537 Mais il n'y a pas que l'administration de
291 1618 1584 1678 privées,- celle des départements et celle des communes ; et natu-
289 1678 1544 1744 rellement les fonctionnaires de chacune de ces administrations
294 1755 1564 1807 distinctes ne peuvent admettre, et nul ne peut admettre, qu'ils
293 1816 1599 1882 essaient de vivre tant bien que mal sous un régime d’infériorité.
190 1979 1143 2048 à Monsieur le Président Nicholas Murray BUTLER.
