1735 2197
901 146 1031 199 - 2 -
417 298 1623 362 qui est assez troublante. L'Union a été plus que neutre tout
412 369 1599 433 le temps ; je vous ai dit mon sentiment à ce sujet. Le plus
414 443 1614 503 triste est que Lange, avec Weardale, semblent avoir approuvé,
410 503 1207 565 sinon inspiré cette déplorable attitude.
705 573 1619 633 Quelle différence avec celle de Lammasch, dont
410 640 1436 703 la haute considération sort grandie de cette guerre.
994 765 1570 833 Votre affectueusement dévoué,
987 886 1405 981 ££
232 1087 1150 1151 à Monsieur le Président Nicholas Murray BUTLER.
641 1160 835 1232 NEW-YORK.
