<?xml version="1.0" encoding="UTF-8"  standalone="yes"?>
<PcGts xmlns="http://schema.primaresearch.org/PAGE/gts/pagecontent/2019-07-15" xmlns:xsi="http://www.w3.org/2001/XMLSchema-instance" xsi:schemaLocation="http://schema.primaresearch.org/PAGE/gts/pagecontent/2019-07-15 http://schema.primaresearch.org/PAGE/gts/pagecontent/2019-07-15/pagecontent.xsd">
  <Metadata>
	<Creator>escriptorium</Creator>
	<Created>2022-07-21T12:02:31.706982+00:00</Created>
        <LastChange>2022-07-21T12:02:31.707004+00:00</LastChange>

  </Metadata>
  <Page imageFilename="FRAD072_12J381_lettre0001_002.jpg" imageWidth="1758" imageHeight="2197">

    

    
    <TextRegion id="eSc_dummyblock_">
    
    
      <TextLine id="eSc_line_3b2a0fba" >
        <Coords points="703,102 701,135 1052,129 1080,139 1082,139 1084,139 1085,139 1106,129 1124,140 1126,140 1128,140 1129,140 1144,140 1267,133 1413,142 1432,142 1433,142 1439,142 1481,133 1501,142 1507,108 1505,76 703,73 703,102"/>
        <Baseline points="703,102 1507,108"/>
        <TextEquiv>
          <Unicode>Clermont-Créans (Sarthe) 15 Aout 1914</Unicode>
        </TextEquiv>
      </TextLine>

    
    
      <TextLine id="eSc_line_9f920a1a" >
        <Coords points="717,276 717,318 825,327 827,276 825,245 717,247 717,276"/>
        <Baseline points="717,276 827,276"/>
        <TextEquiv>
          <Unicode>N° 1</Unicode>
        </TextEquiv>
      </TextLine>

    
    
      <TextLine id="eSc_line_db3e5d2e" >
        <Coords points="653,411 653,437 985,435 985,408 979,378 651,384 653,411"/>
        <Baseline points="653,411 985,408"/>
        <TextEquiv>
          <Unicode>Mon cher Butler</Unicode>
        </TextEquiv>
      </TextLine>

    
    
      <TextLine id="eSc_line_6f4e31d0" >
        <Coords points="578,549 578,580 664,571 1646,571 1649,545 1640,508 1629,519 1604,510 1600,508 1598,508 1596,508 1595,508 1589,510 1558,519 1441,512 1384,508 1382,508 1380,508 1369,512 1355,519 1347,512 1342,508 1340,508 1338,508 1336,508 1307,514 1274,519 1267,514 1259,508 1258,508 1256,508 1254,508 1190,514 1159,518 1146,516 1113,508 1111,508 1109,508 1091,516 1076,521 966,518 778,510 776,510 774,510 752,519 748,523 576,523 578,549"/>
        <Baseline points="578,549 1649,545"/>
        <TextEquiv>
          <Unicode>Je reçois de notre cher Président de la CONCILIATION</Unicode>
        </TextEquiv>
      </TextLine>

    
    
      <TextLine id="eSc_line_87188d5a" >
        <Coords points="377,616 377,648 1604,638 1604,616 1604,587 377,587 377,616"/>
        <Baseline points="377,616 1604,616"/>
        <TextEquiv>
          <Unicode>ALLEMANDE, le Dr. Nippold, la triste et touchante lettre ci-</Unicode>
        </TextEquiv>
      </TextLine>

    
    
      <TextLine id="eSc_line_ffbd71f6" >
        <Coords points="379,684 379,706 390,714 391,714 393,714 395,714 487,704 514,714 516,714 518,714 520,714 545,704 648,714 650,714 651,714 673,704 679,704 857,704 858,704 869,714 871,714 873,714 875,715 977,715 977,714 979,714 981,714 994,704 998,704 1038,714 1040,714 1589,706 1589,684 1587,649 379,657 379,684"/>
        <Baseline points="379,684 1589,684"/>
        <TextEquiv>
          <Unicode>jointe. Je ne cesse de penser à lui depuis que la terrible</Unicode>
        </TextEquiv>
      </TextLine>

    
    
      <TextLine id="eSc_line_484c757c" >
        <Coords points="379,752 379,783 452,774 600,783 620,783 622,783 640,783 745,774 759,781 763,783 765,783 767,783 780,781 827,774 886,781 908,783 910,783 911,783 921,781 946,774 966,781 976,783 977,783 979,783 1627,776 1629,752 1626,719 379,725 379,752"/>
        <Baseline points="379,752 1629,752"/>
        <TextEquiv>
          <Unicode>guerre a éclaté malgré tout ; je n’oublierai jamais son aver-</Unicode>
        </TextEquiv>
      </TextLine>

    
    
      <TextLine id="eSc_line_f84f087f" >
        <Coords points="382,812 380,834 406,845 408,845 410,845 1587,844 1589,816 1587,781 1419,781 1417,781 1415,781 1413,781 1397,790 1305,781 1289,781 1287,781 1285,781 1283,783 1265,792 1076,792 1040,783 1025,781 1023,781 1021,781 1010,783 985,790 955,785 930,779 928,779 893,785 866,789 833,785 787,779 785,779 783,779 761,785 747,789 382,789 382,812"/>
        <Baseline points="382,812 1589,816"/>
        <TextEquiv>
          <Unicode>tissement prophétique, que vous avez entendu comme moi, sur</Unicode>
        </TextEquiv>
      </TextLine>

    
    
      <TextLine id="eSc_line_7e917720" >
        <Coords points="380,886 380,919 459,908 617,908 628,917 629,917 631,917 633,917 635,917 637,917 666,908 752,915 772,917 774,917 803,915 891,908 1585,908 1587,882 1582,858 379,858 380,886"/>
        <Baseline points="380,886 1587,882"/>
        <TextEquiv>
          <Unicode>l’effrayant progr ès de la &quot;démagogie militariste allemande&quot;</Unicode>
        </TextEquiv>
      </TextLine>

    
    
      <TextLine id="eSc_line_1eaca3a7" >
        <Coords points="584,953 584,988 659,988 659,986 661,986 683,975 705,986 706,986 708,986 710,988 802,988 802,986 803,986 805,986 805,984 807,984 814,977 857,984 875,986 877,986 879,986 886,984 908,975 968,983 999,986 1001,988 1082,988 1082,986 1084,986 1085,986 1085,984 1089,981 1096,975 1120,981 1137,984 1139,984 1204,981 1276,975 1292,979 1320,986 1322,986 1323,986 1325,986 1351,979 1356,977 1358,979 1367,986 1369,986 1371,986 1373,986 1375,986 1391,977 1399,975 1549,975 1551,953 1549,924 584,924 584,953"/>
        <Baseline points="584,953 1551,953"/>
        <TextEquiv>
          <Unicode>Quelle pitié que tous ces hommes d&#39;élite réunis</Unicode>
        </TextEquiv>
      </TextLine>

    
    
      <TextLine id="eSc_line_2ca9a3e3" >
        <Coords points="379,1017 377,1049 639,1050 640,1050 653,1049 692,1039 737,1049 745,1049 747,1049 758,1049 814,1039 842,1047 853,1050 855,1050 857,1050 888,1047 952,1039 963,1047 965,1049 966,1049 968,1049 970,1049 1014,1047 1113,1041 1186,1047 1278,1052 1280,1054 1389,1054 1389,1052 1391,1052 1393,1052 1404,1045 1410,1041 1454,1045 1540,1052 1541,1052 1646,1043 1648,1021 1646,986 379,988 379,1017"/>
        <Baseline points="379,1017 1648,1021"/>
        <TextEquiv>
          <Unicode>par nous, après tant d’années d’expérience et tant de généreu-</Unicode>
        </TextEquiv>
      </TextLine>

    
    
      <TextLine id="eSc_line_e8cc9010" >
        <Coords points="380,1083 379,1103 450,1116 452,1116 560,1107 598,1116 600,1116 602,1116 785,1109 802,1118 803,1118 805,1118 807,1118 873,1109 913,1118 915,1118 917,1118 1012,1109 1164,1118 1166,1118 1168,1118 1170,1118 1182,1109 1221,1120 1223,1120 1225,1120 1606,1109 1607,1089 1606,1061 380,1050 380,1083"/>
        <Baseline points="380,1083 1607,1089"/>
        <TextEquiv>
          <Unicode>efforts, aient été impuissants contre la folie du militaris-</Unicode>
        </TextEquiv>
      </TextLine>

    
    
      <TextLine id="eSc_line_d71d0345" >
        <Coords points="379,1151 379,1182 796,1175 842,1184 847,1184 849,1184 851,1184 853,1184 884,1175 977,1184 1003,1186 1005,1186 1020,1184 1069,1177 1607,1184 1611,1155 1609,1129 379,1125 379,1151"/>
        <Baseline points="379,1151 1611,1155"/>
        <TextEquiv>
          <Unicode>me et les excitations de la presse! Mais aussi quelle leçon</Unicode>
        </TextEquiv>
      </TextLine>

    
    
      <TextLine id="eSc_line_eb2d9956" >
        <Coords points="379,1221 377,1246 666,1241 695,1250 703,1252 705,1252 706,1254 1664,1254 1666,1228 1664,1201 379,1193 379,1221"/>
        <Baseline points="379,1221 1666,1228"/>
        <TextEquiv>
          <Unicode>pour nous, et comme elle nous dicte notre devoir : plus que ja-</Unicode>
        </TextEquiv>
      </TextLine>

    
    
      <TextLine id="eSc_line_9cffb930" >
        <Coords points="380,1287 379,1307 412,1320 413,1320 415,1320 730,1312 813,1310 833,1312 882,1321 884,1321 886,1321 913,1314 924,1312 1247,1312 1283,1320 1309,1323 1311,1323 1356,1320 1430,1314 1677,1323 1681,1292 1679,1263 1188,1263 1153,1257 1133,1254 1131,1254 1107,1255 1060,1263 1016,1255 1003,1254 1001,1254 999,1254 998,1254 996,1255 981,1265 829,1265 769,1254 758,1252 756,1252 714,1252 452,1261 380,1250 380,1287"/>
        <Baseline points="380,1287 1681,1292"/>
        <TextEquiv>
          <Unicode>mais poursuivre notre oeuvre d&#39;éducation. Nous n’avons pu, jus-</Unicode>
        </TextEquiv>
      </TextLine>

    
    
      <TextLine id="eSc_line_64dc056e" >
        <Coords points="1151,1331 1133,1331 1115,1331 1113,1329 1058,1332 1020,1325 992,1321 990,1321 961,1327 933,1331 864,1327 781,1321 780,1321 750,1327 727,1331 505,1331 501,1327 492,1320 490,1320 488,1320 487,1320 382,1327 382,1354 382,1384 970,1378 979,1384 985,1387 987,1387 988,1387 990,1387 1014,1382 1029,1380 1056,1382 1118,1389 1120,1389 1122,1389 1137,1382 1144,1380 1168,1382 1230,1389 1232,1389 1234,1389 1259,1382 1269,1380 1318,1382 1501,1391 1503,1391 1646,1380 1648,1362 1644,1325 1470,1334 1400,1325 1395,1325 1393,1325 1382,1325 1261,1332 1241,1325 1236,1323 1234,1323 1232,1323 1181,1325 1151,1325 1151,1331"/>
        <Baseline points="382,1354 1648,1362"/>
        <TextEquiv>
          <Unicode>qu’ici, que le préparer, certes avec succès inespéré, mais les</Unicode>
        </TextEquiv>
      </TextLine>

    
    
      <TextLine id="eSc_line_99e48798" >
        <Coords points="1111,1329 1111,1349 1161,1347 1161,1329 1161,1307 1111,1305 1111,1329"/>
        <Baseline points="1111,1329 1161,1329"/>
        <TextEquiv>
          <Unicode>££</Unicode>
        </TextEquiv>
      </TextLine>

    
    
      <TextLine id="eSc_line_305847f7" >
        <Coords points="380,1420 379,1440 393,1450 395,1450 397,1450 699,1451 701,1451 796,1442 816,1451 818,1451 820,1451 873,1442 944,1451 946,1451 948,1451 974,1442 985,1453 987,1453 988,1453 990,1453 1269,1444 1270,1444 1272,1444 1395,1453 1397,1453 1481,1446 1507,1455 1508,1455 1510,1455 1567,1444 1569,1428 1567,1398 380,1395 380,1420"/>
        <Baseline points="380,1420 1569,1428"/>
        <TextEquiv>
          <Unicode>résultats importants que nous avons obtenus si vite et sur</Unicode>
        </TextEquiv>
      </TextLine>

    
    
      <TextLine id="eSc_line_ec43066c" >
        <Coords points="382,1490 380,1510 1677,1521 1681,1493 1679,1468 382,1464 382,1490"/>
        <Baseline points="382,1490 1681,1493"/>
        <TextEquiv>
          <Unicode>tant de points ne sont que des débuts, des germes ; c’est mainte-</Unicode>
        </TextEquiv>
      </TextLine>

    
    
      <TextLine id="eSc_line_3491bb9b" >
        <Coords points="380,1559 380,1587 954,1580 976,1583 1009,1590 1010,1590 1071,1583 1093,1581 1120,1583 1215,1590 1217,1590 1554,1581 1578,1590 1580,1590 1582,1592 1582,1590 1584,1590 1607,1580 1609,1563 1607,1537 380,1534 380,1559"/>
        <Baseline points="380,1559 1609,1563"/>
        <TextEquiv>
          <Unicode>nant seulement que le monde civilisé, brutalement éveillé de</Unicode>
        </TextEquiv>
      </TextLine>

    
    
      <TextLine id="eSc_line_ec5ae4f4" >
        <Coords points="1660,1596 1023,1603 906,1594 891,1594 889,1594 827,1594 393,1601 388,1594 382,1625 382,1656 1662,1651 1664,1629 1660,1596"/>
        <Baseline points="382,1625 1664,1629"/>
        <TextEquiv>
          <Unicode>son ignorance, va comprendre ce que nous avons commencé et sur-</Unicode>
        </TextEquiv>
      </TextLine>

    
    
      <TextLine id="eSc_line_b113f76c" >
        <Coords points="382,1689 380,1711 430,1722 432,1722 569,1717 624,1715 915,1724 919,1693 917,1669 382,1656 382,1689"/>
        <Baseline points="382,1689 919,1693"/>
        <TextEquiv>
          <Unicode>tout ce qui reste à faire.</Unicode>
        </TextEquiv>
      </TextLine>

    
    
      <TextLine id="eSc_line_2ed43e2c" >
        <Coords points="580,1825 578,1850 1664,1856 1668,1832 1666,1803 1307,1792 1305,1792 1303,1792 1287,1801 1281,1803 1263,1801 1214,1794 1212,1794 1181,1801 1168,1803 1157,1801 1120,1790 1118,1790 1117,1790 1115,1790 1082,1799 1076,1801 580,1799 580,1825"/>
        <Baseline points="580,1825 1668,1832"/>
        <TextEquiv>
          <Unicode>Je vous écrirai par un prochain courrier spécialement</Unicode>
        </TextEquiv>
      </TextLine>

    
    
      <TextLine id="eSc_line_f83c545e" >
        <Coords points="375,1915 391,1926 393,1926 395,1926 397,1926 399,1926 421,1916 507,1926 509,1927 690,1927 690,1926 692,1926 716,1916 719,1916 756,1916 950,1926 952,1926 954,1926 970,1920 981,1916 1016,1920 1074,1927 1076,1927 1078,1927 1100,1922 1115,1918 1129,1922 1150,1927 1151,1927 1153,1927 1155,1927 1166,1922 1175,1918 1193,1922 1214,1927 1215,1927 1217,1927 1247,1924 1281,1918 1649,1927 1653,1896 1651,1863 412,1869 379,1860 377,1893 375,1915"/>
        <Baseline points="377,1893 1653,1896"/>
        <TextEquiv>
          <Unicode>à ce sujet, qui sera pour nous, avant peu, le sujet essentiel.</Unicode>
        </TextEquiv>
      </TextLine>

    
    
      <TextLine id="eSc_line_de318842" >
        <Coords points="377,1958 377,1988 543,1982 584,1988 618,1993 620,1993 697,1988 774,1982 794,1988 822,1995 824,1995 825,1997 902,1997 902,1995 904,1995 906,1995 915,1988 919,1984 930,1988 961,1995 963,1995 965,1997 1062,1997 1062,1995 1063,1995 1065,1995 1074,1986 1076,1986 1084,1986 1153,1995 1155,1995 1215,1986 1223,1986 1228,1986 1302,1997 1303,1997 1457,1986 1461,1986 1463,1986 1499,1997 1501,1997 1503,1997 1620,1984 1622,1964 1620,1938 1041,1927 1040,1927 965,1929 833,1935 803,1927 792,1926 791,1926 789,1926 705,1927 430,1933 377,1924 377,1958"/>
        <Baseline points="377,1958 1622,1964"/>
        <TextEquiv>
          <Unicode>Aujourd&#39;hui je suis encore tout à la douleur de me sentir im-</Unicode>
        </TextEquiv>
      </TextLine>

    
    
      <TextLine id="eSc_line_045ec549" >
        <Coords points="216,2063 214,2083 261,2094 263,2094 582,2087 717,2096 719,2096 1159,2087 1161,2067 1159,2043 216,2035 216,2063"/>
        <Baseline points="216,2063 1161,2067"/>
        <TextEquiv>
          <Unicode>à Monsieur le Président Nicholas Murray BUTLER</Unicode>
        </TextEquiv>
      </TextLine>

    
    </TextRegion>
    
  </Page>
</PcGts>
