1754 2197
708 86 825 150 - 3 -
366 183 1629 254 qu'on traiterait trop bien même, si nous n'y prenions pas gar-
366 252 1570 324 de, et qui se rétablissent à vue d’oeil ; la plupart d’entre
368 322 1611 386 eux sont tr ès lègèrement atteints par des projectiles que des
369 397 1649 452 fournisseurs militaires allemands peu scrupuleux semblent avoir
368 463 1651 518 livrés d'une qualité très intérieure à cele ses nôtres ; et ils
366 532 1082 585 ne demandent qu’a retourner au feu.
569 595 1613 659 Aux habitants timides, à ceux qui craignent de voir
369 662 1631 719 l’armée allemande ocouper de nouveau Clermont-Créans, come en
371 735 1669 794 1870-71, j’entends ma femme, dont vous connaissez les sentiments
368 803 1651 860 plus pacifiques encore que les miens, répondre : "En bien, s'ils
368 858 1642 928 viennent, ce sera une raison de plus pour rester à notre poste:
368 931 1667 994 nous serons à l’entrée du bourg, mon mari et moi pour protester"
388 997 1625 1061 Je ne vois pas une mère de famille, parmi celles qui comptent
369 1060 1583 1122 les jours et les heures dans l’attente d’une lettre du fils
368 1127 1627 1188 ou du mari, ou du frère soldat, qui voudrait abréger la guerre
368 1199 1144 1261 au risque de compromettre la victoire.
569 1261 1598 1325 Les seuls lâches, ceux qu'on voit revenir méprisés,
369 1331 1559 1395 quasi déserteurs au pays, sont généralement les braillards,
369 1395 1587 1462 ceux qui n'ont cessé de réclamer la guerre, de crier d’abord
371 1462 1636 1528 "mort aux Anglais", puis "mort aux Allemands" ; "mort aus trai-
369 1530 1563 1594 tre", en attendant de crier "mort: aux Russes"; mais ceux là
369 1601 1603 1666 je n'en parle pas, il en est dans tous les pays, chez les Al-
369 1667 1607 1722 lemands comme chez nous ; je vois au contraire mes adversaires
369 1719 1605 1794 irréductibles, ceux qui n'ont cessé d’insulter, en même temps
368 1797 1664 1872 que moi, tous nos voisins, et qui les acclament maintenant comme
368 1869 1642 1922 des sauveurs, sans comprendre que c’est notre politique de con-
371 1931 1624 1993 ciliation qui leur a valu ce secours ! Je me rapelle encore les
368 1993 1567 2068 sermons du curé de Clermont-Créans, prononcés il y a quinze
368 2061 452 2118 ans
