1742 2197
868 97 974 146 - 5 -
340 216 1472 291 particulièrement intéressants des élections de Dimanche.
558 287 1454 358 VIVIANI et BRIAND sont réélus, haut la main.
560 351 1606 432 TARDIEU, avec toute sa liste, bat FRANCKLIN-BOUILLON,
337 413 1168 494 en Seine-&-Oise, par une énorme majorité.
553 481 1591 567 De même le Secrétaire de Clemenceau, MANDEL, que le
333 551 1511 627 caricaturiste génial Gassier,- sans parler du reste,- a si
333 620 1529 697 bien fait connaître depuis trois ans, en France, n'en a pas
329 684 1516 765 moins fait passer également toute sa liste dans la Gironde.
567 759 1536 823 LOUCHEUR est élu. De même Paul BONCOUR et BLUM.
566 822 1542 895 HERRIOT, Sénateur, a fait à Lyon ce que j'aurais
326 891 1465 955 voulu pouvoir faire dans la Sarthe si je n’avais pas été
326 948 1562 1036 certain de n’arriver qu’à prendre la responsabilité des divi-
324 1025 899 1085 sions du parti républicain, -
562 1087 1560 1169 Chose significative, les deux avocats de Caillaux
324 1153 1536 1233 qui, lui, s’est désisté, comme vous savez, n'étant pas libre
322 1221 1480 1299 de faire campagne, sont élus. - . A noter encore les
322 1288 1595 1373 élections de deux aviateurs célèbres, HEURTEAUX et FONCK, celles
316 1352 1513 1435 de l'Amiral GUEPRATTE, du fils FALLIERES, de BESSONNEAU, du
316 1413 1450 1503 Pasteur SOULIÉ, de l'Abbé WETTERLÉ, de Marcel HABERT, le
315 1488 1562 1569 lieutenant de Paul Déroulède, et de Marc SANGNIER, etc..etc...
555 1559 1549 1636 LONGUET, dont la campagne bolcheviste a contribué
313 1623 1518 1702 au groupement des voix de la droite et de la gauche modérée,
311 1688 1485 1770 est battu, avec un grand nombre de voix, mais tout de même
309 1752 721 1819 battu dans la Seine.
549 1825 1606 1909 PAINLEVÉ, Ferdinand BUISSON, notre ami le Professeur
