1735 2197
859 173 989 228 - 2 -
311 291 1064 362 jamais pour contribuer à l’accomplir.
313 432 1608 497 j'en suis momentanément puni mais d'autant plus fier. Il s’agit
714 367 1625 426 Nous avons voulu éviter la guerre. Pour moi,
313 499 1645 565 maintenant de faire que nos efforts méconnus n’aient pas cependant
318 567 1088 635 été vains pour l'avenir. Tout est là.
888 633 1482 693 Votre affectueusement dévoué,
884 708 1267 809 ££
155 1054 1101 1133 à Monsieur le Président Nicholas Murray BUTLER,
588 1135 789 1206 NEW-YORK.
153 1393 313 1457 Annexe.
