1744 2197
767 108 886 164 - 4 -
241 272 1582 346 mon livre sur LES ETATS UNIS D'AMERIOUE, votre petite armée vous a
247 342 1579 408 poussera. Là est le danger. Et c’est là que la clairvoyance de votre
245 404 1617 479 sauvés, elle vous sauvera de la guerre ; votre grande marine vous y
245 479 1612 540 prendre qu'un grand pays peut élever la voix sans montrer le poing.
245 541 1586 618 patriotisme rendra un nouveau service aux Etats-Unis en faisant com-
822 631 1300 706 Affectueusement à vous.
