1738 2197
877 172 994 232 - 4 -
338 267 1606 329 ni ses torts ni même son erreur. Sa seule faute est d’avoir été
342 346 516 408 vaincue.
542 404 1591 466 NIPPOLD estime que l’Allemagne restera soumise à son
344 476 1661 534 Gouvernement quel qu’il soit, pourvu que ce Gouvernement maintien-
338 540 1628 596 ne l'ordre on ne pourra l'éclairer que si on amène, si on oblige
342 607 1626 670 son Gouvernement par le traité de paix à reconnaître sa respon-
325 671 1646 732 sabilité. Il estime que tout est dans cette question de la respon-
340 737 1629 801 sabilité du Gouvernement allemand. Une fois cette responsabilité
342 807 1648 867 établie par la Conférence, par une sentence acceptée du Gouverne-
338 876 1549 939 ment allemand, les Allemands seront fixés. - Je viens de le
338 950 1578 1003 mettre en rapport avec les Professeurs LARNAUDE et LAPRADELLE,
344 1016 1664 1072 chargés de l'étude de cette question à la Conférence. Son concours
340 1080 730 1135 leur sera précieux.
538 1147 1624 1204 La question de la responsabilité du Gouvernement alle-
338 1210 1644 1276 mand dans l’origine et dans la conduite de la guerre domine celle
338 1272 1564 1343 de la Société des Nations. Je me demande si les Gouvernements
336 1345 1534 1411 européens tiendront vraiment à laisser vider cette question,
336 1415 1565 1479 parce qu’il est impossible de juger le Kaiser et ses généraux
336 1481 1560 1545 et ses ministres et leurs complices sans admettre une lessive
335 1543 1607 1607 complète de toute la diplomatie secrète européenne, or je crois,
333 1609 1587 1678 je suis sûr que le Gouvernement allemand est le grand coupable,
331 1682 1635 1741 mais je crois aussi que, dans chaque pays, il y a eu certains mi-
333 1748 1596 1818 nistres, certains politiciens, certains personnages malfaisants
331 1810 1668 1882 et bon nombre de journaux bien pensants et intéressés qui ont pous-
333 1883 1635 1955 sé à la guerre, - cela apparaîtra clairement dans le grand procès
