1736 2197
833 199 954 252 - 8 -
536 283 1646 362 Chaque mauvais journal, dit SALVEMINI, est une fabrique
336 353 1653 441 d’explosifs, de gaz asphyxiants. Sans journal populaire de vérité,
338 433 1565 503 pas de société des Nations, pas de conciliation, pas de paix.
543 497 1609 560 Tous sont convaincus que le public appelle, attend ce
325 567 1591 637 journal et que sa création, intelligemment €coup€ entreprise, par
342 631 1545 697 un état-major des meilleurs écrivains, penseurs, politiques,
342 708 1673 770 voyageurs, artistes, savants et critiques, vulgarisateurs, par une
349 767 1671 833 élite en un mot des cerveaux et des cœurs égale à celle qui for-
346 838 1677 904 mait , il y a quinze ans, notre Conciliation, pour le monde entier,
344 909 1615 963 serait à la fois, pour la DOTATION CARNEGIE, le devoir, en même
346 979 1593 1036 temps que la bonne affaire, - et pour le monde un incalculable
329 1038 527 1105 bienfait.
553 1098 1679 1160 Interrogez MARSHALL à ce su'et. Réfléchissez. - Un jour-
346 1175 1638 1239 nal de vérité aurait pu empêcher la guerre ; un journal de vérité
347 1244 1038 1310 seul empêchera qu’elle recommence.
554 1400 1600 1468 En résumé, semaine de travail et d’activité intenses
347 1473 1671 1537 pour notre Conciliation, pour notre bureau de la rue Pierre-Curie,
349 1550 1640 1609 et pour son filleul, le bureau interallié des Associations pour
349 1609 825 1673 la Société des Nations.
553 1669 1659 1730 Il faut que je me cache, pour trouver le temps, de très
351 1741 1692 1803 bon matin, dans la solitude, de vous écrire ces résultats et de les
347 1805 1637 1863 méditer, sans hâte, à tête reposée ; il le faut pourtant, si nous
335 1882 1622 1949 voulons en tirer parti. Il y a dix ans, on n’admettait pas qu’il
