1750 2197
694 89 819 148 - 3 -
359 177 1636 256 que chacun comprend, sauf les Prussiens, et c’est ce qui exalte
381 245 1599 316 les âmes ! Et c’est aussi la certitude qu’il y a une justice
366 318 1454 389 et que l’Empire/Allemand paiera le mal qu’il aura fait.
564 389 1621 454 Tout le malheur, je le répète, vient du crime commis
370 452 1640 527 il y a 43 ans et que nous avons accepté pour ne pas recommencer
366 523 1605 596 la guerre ; notre résignation n'a pas suffi ; elle n’a pas fait
366 569 1603 657 disparaître le mal ;le Gouvernement allemand n’en a pas moins
370 638 1506 717 été obligé de le confirmer chaque jour ; le malheur a été
370 706 1585 794 l’annexion de l’Alsace-Lorraine par la force. C’est cela que
370 768 1586 860 les Allemands paient aujourd'hui : c’est cela qu’ils paieront
370 836 1482 922 aussi longtemps qu’ils n’auront pas racheté leur faute.
371 900 1603 986 Ici la France est irréprochable ; elle a résisté aux chauvins;
370 981 1586 1050 nos élections générales, les conférences de Berne et de Bâle
371 1061 1564 1122 ont prouvé que, loin de chercher la revanche, elle voulait
370 1103 1621 1191 par des concessions mutuelles, arriver dignement à la réconci-
375 1180 1665 1257 liation dans la paix. Les Allemands paient aujourd'hui leur fau-
375 1255 1649 1329 te de 1870-71, parce que cette faute les a corrompus, empoison-
373 1323 1608 1389 nés. Je l'ai dit mille fois. Pour conserver sous leur domina-
379 1374 1552 1455 tion ces deux infortunées provinces, il a fallu les garder
375 1442 1610 1521 de force, instituer un régime de force, et, pour cela, chaque
377 1506 1594 1590 jour faire à rebours une éducation nouvelle du pays, fausser
377 1576 1610 1655 la vérité, égarer les consciences, présenter à tous et à soi-
379 1642 1575 1717 même le mal pour le bien. Mais un tel regime, inconciliable
379 1708 1605 1788 avec le progrès moderne des moeurs, des idées, de la science,
377 1775 1594 1854 ne pouvait durer sans un redoublement paradoxal de force, de
382 1841 1674 1913 brutalité même, en pleine paix ; il a fallu prévenir les révoltes
399 1911 1577 1991 par des répressions comme celle de Saverne qui ont soulevé
