1742 2197
818 78 937 137 - 2 -
373 168 1556 238 puissant devant les combats meurtriers engagés en Belgique
379 243 1546 305 et sur nombre de points de notre frontière de l'Est et du
373 303 1567 371 Nord, en attendant les grandes batailles et les hécatombes
375 378 1582 437 qui s’annoncent. Je suis tout à la pensée de ces calamités
379 441 1602 505 effroyables et volontairement déchaînées : tant d’existences
377 503 1639 567 précieuses et déjà fauchées ou condamnées ; tant de deuils évi-
381 582 1663 642 tables qu'on ne peut plus, qu'on ne veut plus éviter ! Il n'y a
377 646 1602 704 pas en France une seule famille qui n'ait donné sans hésiter
377 715 1637 776 tous ses enfants en âge de combattre pour repousser l’envahis-
377 787 1641 840 seur. Notre ami Charles Richet, à lui seul, a ses quatre fils
377 844 1542 904 et son gendre aux avant-postes : Prudhommeaux, Godart sont
375 917 1639 975 partis des premiers: à Créans mes neveux, mon gendre, tous les
373 988 1622 1041 hommes de vingt à quarante huit ans sont partis, sauf un seul
379 1047 1600 1109 qui va partir ; et cependant leur absence librement consentie
377 1118 1562 1182 n’arrête aucun travail; dans toutes les Communes, tous les
373 1186 1542 1248 hameaux de toutes la France, les femmes, les enfants, les
373 1250 1622 1310 hommes au-dessus de quarante huit ans se sont chargés de sup-
377 1312 1639 1382 pléer à ceux qui manquent et, avant tout, de poursuivre la ré-
379 1389 1538 1446 colte que je vois déjà achevée, comme au temps normal !!!
377 1446 1558 1504 Grâce à cette coopération unanime et spontanée de toute la
373 1521 1617 1587 nation agissant avec une énergie centuplée, tout ce qui/me pa-
375 1580 1600 1651 raissait à moi-même irréalisable s’est simplifié ; nos trans-
375 1653 1584 1715 ports, dont j’ai tant de fois dénoncé la faiblesse en temps
377 1724 1540 1777 de paix, sont devenus incomparables ! Les automobiles par
375 1781 1580 1841 centaines de mille volent à la frontière et rivalisent avec
375 1847 1674 1915 les aéroplanes pour rendre plus dangereux aux allemands l’entrée
375 1924 1637 1990 de notre territoire ; les mines, les torpilles, les sous-marins
375 1995 1611 2059 s’apprêtent à réduire au rôle ridicule que j’ai toujours pré-
