1771 2197
913 137 1049 190 - 11 -
342 274 1661 331 au lieu de le faire exploiter par leurs régisseurs. Les sangliers
340 335 1659 400 sont assez nombreux encore pour faire des ravages à la lisière des
338 399 1485 465 forêts, et les lapins, et les faisans et les compagnies de
340 472 1639 529 perdrix ; - ô phénomène ; les perdrix rouges et les perdrix grises
338 536 1580 593 toujours séparées d’ordinaire, vivent chez nous dans les mêmes
336 596 1657 666 champs, mais pas ensemble; à Créans, chaque champ est le domicile
335 666 1639 730 de deux compagnies distinctes et qui ne se confondent jamais. Là
335 725 1635 796 comme ailleurs, comme partout, règne l’indépendance, la variété et
335 798 1624 865 tout de même la conciliation. Comment s’étonner, en un tel pays
331 862 1613 926 sous ce ciel si doux et parfois si rude, mais toujours favorable
331 935 1595 992 au développement des produits du sol, comment s’étonner que les
331 1001 1595 1056 habitants soient eux-mêmes tellement variés, et indépendants et
333 1067 1593 1127 savoureux, pénétrés, eux aussi, d’un goût de terroir, et qu’ils
331 1133 1644 1190 tiennent à se distinguer tous les uns des autres pour ne faire qu'
331 1195 1604 1261 un pourtant dans les grandes crises nationales? Ils sont rares,
329 1263 1573 1331 malheureusement, de plus en plus rares. Et c’est pourquoi les
335 1329 1589 1393 vrais patriotes devaient s’efforcer d’empêcher cette guerre qui
349 1391 1653 1457 fera tomber de plusieurs millions notre natalité, alors que celle
327 1464 1571 1528 de l’Allemagne va s’élever encore au double de la nôtre et au-
327 1530 1573 1587 delà ; alors surtout que le lendemain de cette guerre va faire
329 1585 1629 1656 peser sur nos populations clairsemées tant de charges XXXXXXX.
329 1662 1608 1717 Comment lutter dorénavant, avec nos ressources diminuées, contre
331 1728 1608 1779 l'activité multipliée et privilégiée de nos rivaux, sans compter
329 1783 1703 1856 celle de nos ennemis ? Vous ai-je dit que mon auto américaine, ££supposée££
327 1858 1644 1924 achetée à New-York au cours normal de 5 francs le dollar, et payée
