1743 2197
774 104 891 162 - 8 -
375 219 1598 303 résolus les pires problèmes d'où la paix générale dépend, et
375 296 1600 373 avec ces problèmes celui des armements qu’il n'y aurait plus
377 360 1691 432 ni humiliation ni danger pour personne à réduire, si la réduction
377 439 1559 503 générale, s'étendant jusqu’au Japon et secondée par toutes
378 501 1554 574 les Républiques/du nouveau monde, était consentie par tous.
578 573 1638 633 Certes un tel accord sera laborieux ; il effraiera la
378 638 1640 704 diplomatie, mais en dehors de cet accord je ne vois rien quune
378 701 1600 774 guerre per/pétuelle en perspective, et les révolutions inté-
382 781 979 840 rieures et la ruine générale.
580 836 1666 909 Notre Conciliation sera dans son rôle en préconisant
378 904 1602 968 et en facilitant de tout son pouvoir cet accord, cet immense
380 972 1016 1045 progrès, cette oeuvre de salut.
842 1060 1314 1144 Affectueusement à vous.
