1740 2197
904 120 1023 190 - 3 -
580 287 1659 366 L'agent voyer en chef du Département, touchait 10.000
331 355 1620 432 francs ; il en touchera 18.000, et encore cette augmentation est
327 430 1600 496 relativement moindre que celle de ses subordonnés. Les agents-
329 496 1582 565 voyers d'arrondissement , qui touchaient 6.000 frs en touchent
329 560 1576 624 12.000 : juste le double. Et ainsi de suite ; voyez le tableau.
604 633 1584 695 Le total se chiffre par des millions et des mil-
331 693 1639 770 lions, à multiplier par le chiffre de tous nos départements, sans
329 761 763 838 compter nos colonies.
624 988 1600 1063 Mais on ££e sait toujours pas avec quoi la France
329 1063 1520 1129 va payer toutes ces dépenses, toutes ces dettes, toutes ces
331 1135 1602 1197 augmentations, tous ces travaux, car il faudra finalement doter
329 1204 1619 1266 nos services d 'autre chose que des dépenses de traitements ; il
333 1272 1602 1323 faudra du matériel, des machines, etc.. etc... En principe, les
335 1343 1580 1396 traitements du personnel devraient être insignifiants comparés
327 1407 1562 1466 aux dépenses des travaux ou des entreprises dont ce personnel
329 1461 1598 1536 est chargé. Je n'essaierai pas de faire le total des deux cha-
327 1536 1042 1601 pitres ; c'est à en perdre la tête.
327 1664 1620 1724 compter, concevoir ce que représentent tous ces milliards... Et
628 1596 1540 1662 Je me lasse même d'y penser ; je ne puis plus
329 1737 1600 1801 je ne crois pas me tromper en disant que, si personne n’en fait
331 1799 1600 1863 l’humble aveu comme moi, tout le monde est plus ou moins dans le
327 1861 1659 1933 même cas. Nous en sommes arrivé à évaluer aujourd'hui nos dépen-
1582 1902 1659 1966 ses
