1745 2197
946 159 1062 221 - 7 -
433 289 1631 358 situation de/prêter, dès le lendemain de l'armistice, et même
433 366 1587 419 avant, son concours le plus large et le plus efficace à l'
432 428 1677 494 œuvre de l'Association nouvelle ; notre personnel, notre local
428 488 1609 558 notre matériel, toutes nos ressources enfin, principalement
430 560 1625 624 pendant le dernier trimestre de l'année 1918, sans toutefois
426 627 1550 682 confondre les deux œuvres. Cela a permis au groupement
426 695 1638 754 nouveau de chercher un appartement, de recruter un personnel,
424 761 1527 820 de s'organiser enfin. Vous avez assisté, Messieurs, le
426 823 1644 889 26 Janvier, à l'inauguration de cet appartement, 254. Bd. St-
424 886 1587 944 Germain ; vous avez pu vous rendre compte qu’il a été ins-
424 957 1624 1014 tallé à très peu de frais, sans luxe ; nous avons voulu tout
424 1023 1625 1087 faire nous-mêmes, sans €rien€ demander de subventions aux gou-
422 1083 1642 1155 vernements. C'est le concours prêté par la Dotation Carnegie
422 1155 1604 1217 qui a permis cette installation ; c’est le concours qu’elle
421 1217 1563 1283 continue de prêter, et qu'elle prêtera longtemps, s’il le
421 1294 1503 1347 faut, qui assure la bonne marche du nouveau bureau. Du
419 1356 1609 1417 fait de cette contribution, les dépenses du Bureau Européen,
417 1418 1558 1482 durant le dernier trimestre de 1918, ont été sensiblement
417 1486 1616 1545 plus élevées que celles des trimestres précédents ; l'augmen-
417 1554 1596 1618 tation est d'environ 3.950 francs ; j’ai pris sur moi d’en-
413 1616 1633 1682 gager cette dépense sous réserve de l'approbation de M.M. les
417 1680 1554 1742 Trustees Américains, et je ne doute pas que vous donnerez
413 1755 1611 1819 votre approbation entière à l'aide apportée par notre Bureau
411 1810 1488 1887 à l'Association Française pour la Société des Nations.
864 1913 1651 1984 (Approbation générale ; tous les membres
