1726 2197
245 166 454 248 SENAT
688 91 996 183 LETTRE N° 605.
1029 269 1528 331 LE MANS, 9 Janvier 1920.
445 505 1178 569 DU PRINCE SIXTE de BOURBON, en 1917 .
514 426 1101 501 LA TENTATIVE DE PAIX SÉPARÉE
793 662 1126 734 Mon cher Butler,
298 865 1517 928 pleuvent sur moi les attaques de la jalousie et de l'égoïsme,
597 807 1588 864 Le temps me manque naturellement, en ce moment où
300 941 1507 1001 sans compter les infiltrations qui surgissent du sous-sol de
296 1005 1524 1060 l’ignorance, le temps me manque pour vous écrire. C'est bien
294 1071 1463 1124 dommage car je n'ai jamais été plus conscient de l'urgence
294 1136 1502 1199 presque désespérée de notre oeuvre. Je pense bien, après le
294 1199 1480 1257 11 Janvier, pouvoir vous écrire la moralité comme aussi les
291 1270 1002 1327 principaux faits de cette élection.
287 1395 1586 1462 adresser le numéro ci-joint de la Revue hebdomadaire "l'OPINION"
588 1327 1478 1396 En attendant, je ne veux pas manquer de vous
289 1466 1539 1525 du 3 de ce mois, contenant plus qu’un article, un exposé de la
291 1528 1520 1594 tentative de paix séparée entreprise pendant l’hiver jusqu'au
294 1598 1293 1656 printemps de 1917, par le Prince Sixte de Bourbon.
289 1730 1535 1792 alors à moi, ce qu'on a su de cette tentative. J'y reviendrai
584 1666 1551 1726 Je vous ai écrit, avec la réserve qui s’imposait
285 1801 1566 1861 plus tard. Mais il importe que vous avez sous les yeux l'exposé
291 1836 1161 1894 en question publié par M. Jean de Pierrefeu.
879 1904 1462 1962 Votre affectueusement dévoué,
104 1980 582 2052 à Monsieur le Président
210 2032 659 2087 Nicholas Murray BUTLER,
326 2070 516 2134 NEW-YORK.
