1718 2197
712 119 833 166 - 6 -
278 166 1582 248 leurs représentants ont prise à l'élaboration de ces conventions.
278 243 1511 311 Je comprends très bien que de petits Etats neutres et voisins
280 311 1551 377 comme la Hollande, la Suisse, le Danemark, ne puissent pas sans
280 377 1652 452 graves inconvénients, se faire représenter dans une telle commission
278 437 1494 514 mais précisément le rôle des Etats-Unis, plus éloignés, plus
280 505 1553 580 distants, moins en danger de se compromettre, serait de prendre
282 573 1536 644 en mains leur intérêt.... Parlez-en avec E. Root , avec Choate
282 638 1549 703 Porter, Seth Low, A.D. White ; ah! si Root voulait s’en occuper!
285 706 1576 774 il est aussi difficile, à mon sens, de constituer une commission
283 770 1613 842 d’enquête sur les atrocités de la guerre actuelle qu’il est impos-
287 842 1500 902 sible de s’en désintéresser. Je vous ai dit avec quel regret
289 909 1536 974 j’ai vu l'attitude par trop réservé du Pt Wilson et son parti-
285 975 1598 1043 pris de faire le mort précisément le jour où il pouvait et devait
289 1038 1544 1109 être l’interpr ète de la conscience universelle. Je n'y reviens
287 1109 1560 1166 pas, mais réfléchissez. Si vous penchiez dans le sens d’une en-
289 1168 1564 1241 quéte partielle, purement américaine et privée, à organiser par
289 1241 1617 1299 notre Dotation, conformément à la suggestion d’Herriot, vous pour-
289 1299 1584 1378 riez peut-être, pour gagner du temps, m’en avertir par un cablo-
291 1384 701 1451 gramme ainsi rédigé:
772 1429 1256 1501 "Approuve suggestions "
512 1504 1606 1567 Cela me suffirait, non pas pour agir, mais pour causer
294 1563 1622 1638 avec Herrick et m’orienter avec toute la discrétion et la prudence
294 1653 547 1708 nécessaires.
772 1695 1362 1761 Votre affectueusement dévoué,
179 1865 1556 1940 P. S. Je ne vous demande pas quel est le jour de votre anniversaire.
302 1931 1509 2001 vous êtes trop jeune encore pour que vos amis vous posent de
