1761 2197
886 122 1024 192 - 16 -
315 263 1654 327 nommera son député ; c'est l’ensemble des arrondissements du Dépar-
307 327 1574 388 tement qui, formant une liste commune, nommeront un ensemble de
311 393 1572 461 Députés ; c’est dans la Sarthe cinq arrondissements et non plus
311 459 1552 523 un seul qui devront nommer M. Caillaux pour qu'il soit élu. Le
311 530 1572 589 voilà donc privé du bénéfice de la fidélité de s électeurs qui
313 591 1610 653 l'ont choisi, éprouvé depuis vingt années ; le voilà livré à l'i-
307 666 1630 726 gnorance relative, sinon aux préventions des autres qui ne le con-
307 732 1614 792 naissent que par les calomnies de la presse gouvernementale. Son
313 792 1572 854 échec, au scrutin de liste, est donc probablement aussi certain
309 856 1269 924 qu'était son succès au scrutin d’arrondissement.
685 928 1647 995 Et je ne dis rien de l'angoisse qui pèse (s)ur les
309 986 1608 1058 consciences des bons citoyens qui ne savent pas et ne peuvent pas
306 1063 1607 1124 savoir, faute d'un jugement qu’on ajourne à dessein, s’ils ont ou
306 1120 1585 1190 non élu un traître. - Je ne pouvais rester indifférent, dans mon
307 1193 1605 1257 pays natal, à cette angoisse et c’est parce que j’en suis ému que
306 1248 1621 1321 je trouve au cours de mon voyage dans le Département un accueil et
306 1321 1625 1382 des sympathies particulièrement cordiales, même dans les plus mau-
304 1376 1656 1455 vais coins, même au Mans, et même à La Flèche, par où je terminerai.
678 1457 1583 1526 J'ai quitté Mamers vers 4 heures, pour gagner
300 1512 1621 1589 Marolles les Brault, puis Ballon, dont le vieux château domine une
306 1583 1524 1655 incomparable vallée de richesse, un vrai pays de Chanaan. De
302 1651 1621 1720 Ballon, je su(i)s allé dîner et coucher à Bonnétable, - célèbre par le
302 1719 1561 1775 beau château des ducs de La Rochefoucault, - chez un ami dont le
300 1788 1579 1850 fils a été tué.- Le lendemain le mauvais temps n’est plus qu’un
300 1858 1616 1920 souvenir ; il ne dure jamais en France ; le ciel est de nouveau et
