1749 2197
926 137 1060 199 - 11 -
428 270 1675 340 animée des meilleuns intentions, mais le résultat atteint sera
430 346 1595 399 tout autre que celui auquel il faudrait arriver, parce que
426 402 1602 466 M. Broda, Polonais d’origine et arrivé chez nous récemment,
430 476 1613 532 connaît trop peu le peuple suisse et sa manière d'envisager
430 549 741 604 c/es problèmes.
725 596 1514 660 Nous avons eu aussi à lutter contre les
430 675 1565 730 influences venant de l'étranger, d'Allemagne, d'Autriche,
428 732 1571 798 des Pays-Bas, et/contre des projets toujours renouvelés de
428 807 1575 871 congrès en Suisse pour une paix à tout prix. On parle en
428 873 1593 933 ce moment même d'un Congrès du même genre qui se tiendrait
426 933 1629 994 à Berne, dans le courant de ce mois de Février. J'ai juste-
424 999 1593 1065 ment avec moi quelques journaux de Genève dans lesquels la
428 1067 1573 1133 société Genevoise a fait insérer sa protestation. €C'e€ Ce
426 1131 1595 1197 n'est plus du pacifisme, c’est du défaitisme qui compromet
428 1204 897 1257 toute notre propagande.
426 1294 1571 1369 M. le PRÉSIDENT. - Mais vous avez lutté pour essayer de
428 1373 1514 1424 faire connaître, aux Allemands eux-mêmes, que le Droit
424 1429 1609 1488 n'était pas de leur côté et pour tâcher d’opposer un peu de
426 1501 1567 1563 vérité aux mensonges de la presse allemande. Voulez-vous
424 1572 1395 1629 nous entretenir de votre campagne dans ce sens ?
424 1675 743 1735 M. O. NIPPOLD.-
836 1660 1514 1726 J'ai en effet consacré une grande
424 1726 1631 1790 partie de mes efforts à neutraliser le mal que pouvait faire
424 1797 1648 1869 et que faisait chez nous la propagande allemande ; j’ai aussi
