1751 2197
796 106 923 157 - 8 -
377 192 1661 267 le crime de la réaction militaire prussienne. Il est impossible
377 263 1562 331 que les libres Etats-Unis, nés de leur lutte sacrée contre
377 333 1545 399 la domination européenne, grandis, enrichis, ennoblis par
375 402 1602 468 cette lutte, arrivés grâce à cette lutte au premier rang des
377 472 1545 538 nations, se tiennent prudemment entre la Révolution et la
377 532 1602 613 Réaction, entre le droit et la conquête, entre la paix et la
377 609 534 670 guerre.
571 664 1642 732 Les Américains sont trop généreux pour hésiter, trop
375 734 1602 800 avisés aussi, car le vieil édifice de la réaction prussienne
375 809 1661 873 se lézarde et va s’écrouler ; les Américains d’origine allemande
375 865 1600 935 eux-mêmes seraient contre leur propre pays s’ils soutenaient
379 933 1675 1010 de leurs sympathies le régime du caporalisme qui est en train de
373 1001 589 1074 la perdre.
571 1071 1690 1138 Aujourd’hui vraiement, dans l'humanité en armes, chaque
371 1144 1661 1204 peuple doit se classer ; la victoire déjà compromise ne sera pas
371 1210 1597 1274 du côté du plus fort, elle sera du côté du droit, du côté où
369 1272 1630 1343 nous avons vainement supplié l’Allemagne de se joindre à nous;
375 1342 1536 1411 elle sera du côté des peuples contre l’oppression . Après
375 1413 1615 1471 tout, le militarisme allemand, par un juste retour des choses
373 1484 1586 1550 aura fait coup double ; il aura déshonoré la guerre et servi,
369 1547 908 1612 malgré lui, la démocratie.
750 1601 1291 1684 Votre cordialement dévoué.
