1768 2197
939 140 1079 205 - 22 -
600 276 1634 347 N'allez pas penser que je tourne mal et que la gas-
329 346 1612 413 tronomie va prendre une place prépondérante dans les passions de
327 415 1626 476 la fin de ma vie ; non, c’est là vraiment qu'est toute la France,
327 479 1593 540 nous apprécions, nous aimons mais nous savons nous priver aussi.
327 545 1555 613 Il n'était pas besoin des cinq années de cette guerre pour le
329 626 1575 681 découvrir. Il XXX toujours été ainsi. Et c'est par là que je
608 591 707 633 en a
331 675 1654 741 termine ma description. Le Français aime la flânerie, le rêve, la
331 757 1670 811 bonne chère, le vin, -sans parler de la femme,- tout ce qui nourrit
331 818 1656 878 ou exalte son corps et sa fantaisie, son inspiration - l'étranger
329 884 1597 944 qui le/voit à table et qui le juge sur ses propos, sur ses plai-
331 953 1650 1005 santeries plus que grasses mais symboliques,- car elles consistent
329 1014 1614 1076 généralement à mettre en contraste et ses instincts et son idéal
329 1076 1628 1138 inséparables ; l'étranger le juge sévèrement, sans le comprendre.
329 1151 1612 1202 L'étranger ne voit pas tout. Ce qu’il faut voir en outre, c'est
329 1217 447 1274 ceci :
602 1274 1590 1340 Oui le Français aime jusqu’à l’ivresse, la folie,
331 1351 1592 1406 la débauche, tout ce qui flatte sa sensibilité extrême, mais ce
329 1418 1555 1473 même Français, - et la Française comme lui,- est en même temps
331 1477 1614 1536 toujours prêt à sacrifier, le moment venu, ses jouissances à son
331 1541 1650 1601 idéal. Et ce qui semble incompréhensible, c’est que ses instincts
327 1607 1531 1664 se développent sans faire tort à son idéal, en le stimulant.
331 1680 1634 1741 Au-dessus de tous les biens du monde il place le sacrifice désin-
333 1746 1597 1799 téressé. C'est pourquoi il est en général si avare, pour qui ?
329 1810 1632 1880 Pas pour lui, pour ses enfants, pour l’avenir ; c'est pourquoi il
