1735 2197
894 140 1013 195 - 9 -
652 296 1659 369 L'abus des grèves à tout instant et à tout propos,
377 362 1571 443 dans les transports dont tout dépend, dans les usines, dans
381 439 1672 499 les ateliers, dans l'imprimerie, dans les magasins de nouveautés
379 510 1590 569 etc....etc.... a été une aggravation non seulement de la vie
379 565 1489 631 chère, mais de la difficulté de vivre. On ne peut plus
381 637 1592 710 compter sur rien ; et les plus humbles se ressentent de cette
381 710 1628 774 incertitude autant, au moins, que les plus riches qui ont leur
379 779 1586 834 auto, leurs serviteurs, leurs provisions, leur argent enfin.
377 847 1610 906 On ne reçoit plus rien régulièrement ; ni charbon, ni matières
379 913 1493 968 premières, ni matériaux de construction, ni machines, ni
377 979 1592 1036 engrais, ni instruments. On renonce à ce qu'on devait faire
381 1041 1515 1100 faute de pouvoir y réussir, avec la meilleure volonté du
377 1103 1630 1166 monde. Un employé n'arrive pas, non seulement à vivre, mais à
379 1169 1592 1232 gagner de quoi faire le possible. Il reste en panne dans le
377 1243 1652 1303 métro, dans les trains, dans les tramways, dans les gares, dans
381 1305 1522 1373 les salles d'attente ou en plein air, à ne rien faire et
381 1369 1573 1442 comme lui, sa femme et ses enfants. Il voit la vie commune
382 1440 1368 1508 se désorganiser, en commençant par sa propre vie.
698 1508 1571 1572 Si, du moins, on avait le sentiment que ces
381 1572 1557 1638 perturbations contribueront au retour de l'ordre ; mais on
381 1647 1610 1706 sait le contraire ; elles n’améliorent pas, etles empirent la
379 1711 1553 1768 situation. Elles aboutissent à des concessions forcées et
381 1772 1549 1834 pour ainsi dire, contre nature ; à cette monstruosité, par
381 1849 1549 1907 exemple, que le travail manuel, agissant en masse, obtient
