1768 2197
892 142 1016 219 - 18 -
304 280 1614 344 d’accord; mais le déjeuner, où en est-il ? Le voilà, mettez-vous
305 347 1593 411 à table; nous dit notre hôtesse ; et alors la fête commence. La
309 415 1632 485 fête que vous ne soupçonnez pas ; celle qu’un étranger ne connaîtra
305 488 1614 552 jamais parce qu’il faut être Français pour savoir ce que nous en-
309 554 1641 613 tendons chez nous par faire bonne chère. An ; si Haskell, si Finch,
307 620 1612 681 si miss Jones étaient du voyage, oubliant la fièvre de vos préoc-
307 688 1551 745 cupations ; s’ils avaient pu faire, sans intimider mes amis, ce
305 752 1531 809 tour de la Sarthe avec moi, quels souvenirs pour eux, quelles
307 820 1630 875 révélations d'une sensibilité très fine dans le milieu qu'on pour-
305 878 1590 952 rait prendre, au premier abord, pour le plue rude. Mais il faut
309 944 1549 1016 que je vous décrive ce déjeuner, type de tous les autres grâce
307 1019 1570 1074 auxquels je reviens généralement de ces tournées plus vivant et
307 1091 877 1144 plus confiant qu’auparavant.
663 1142 1533 1210 Et d'abord un verre de vin blanc ! Ce n’est
305 1215 1592 1277 pourtant pas le pays ; demain, à Châtaigne, je serai à la source
305 1283 1551 1345 même des meilleurs crus ; mais celui de Sceaux-s/Huisnes vient
307 1343 1584 1406 des environs et il ne ressemble à rien de ce qu'on boit à Paris.
309 1417 1630 1470 Il est clair, sec, pétillant, sentant la pierre, le sol, la racine
309 1490 1632 1543 et non l’industrie des champagnes de restaurant. En même temps se
305 1545 1612 1609 présentent les hors d’œuvre et, en première ligne, les rillettes
307 1607 1632 1675 dont aucune espèce de récit ne vous permettra d’imaginer le parfum
309 1680 1632 1737 et de savourer les surprises. Tout dépend du soin de la femme qui
307 1742 1571 1808 a su choisir les meilleurs reliefs d’un porc frais et les faire
307 1807 1592 1871 cuire, bien cuire, ni trop ni trop peu, puis refroidir, puis les
305 1874 1670 1949 mettre en pot et les conserver le temps qu’il faut sous leur graisse
