<?xml version="1.0" encoding="UTF-8"  standalone="yes"?>
<PcGts xmlns="http://schema.primaresearch.org/PAGE/gts/pagecontent/2019-07-15" xmlns:xsi="http://www.w3.org/2001/XMLSchema-instance" xsi:schemaLocation="http://schema.primaresearch.org/PAGE/gts/pagecontent/2019-07-15 http://schema.primaresearch.org/PAGE/gts/pagecontent/2019-07-15/pagecontent.xsd">
  <Metadata>
	<Creator>escriptorium</Creator>
	<Created>2022-07-21T12:02:31.844629+00:00</Created>
        <LastChange>2022-07-21T12:02:31.844651+00:00</LastChange>

  </Metadata>
  <Page imageFilename="FRAD072_12J381_lettre0002_006.jpg" imageWidth="1738" imageHeight="2197">

    

    
    <TextRegion id="eSc_dummyblock_">
    
    
      <TextLine id="eSc_line_0bc916a7" >
        <Coords points="677,131 679,157 716,144 728,151 728,153 730,153 732,153 734,153 800,144 802,126 796,95 675,104 677,131"/>
        <Baseline points="677,131 802,126"/>
        <TextEquiv>
          <Unicode>- 5 -</Unicode>
        </TextEquiv>
      </TextLine>

    
    
      <TextLine id="eSc_line_60d74ddd" >
        <Coords points="560,230 560,250 1626,239 1628,219 1622,188 558,197 560,230"/>
        <Baseline points="560,230 1628,219"/>
        <TextEquiv>
          <Unicode>Nous sommes à Créans sans aucune nouvelle personnelle</Unicode>
        </TextEquiv>
      </TextLine>

    
    
      <TextLine id="eSc_line_b28fe703" >
        <Coords points="362,296 362,327 578,318 593,325 595,325 597,325 598,325 628,316 1540,316 1542,287 1536,256 360,269 362,296"/>
        <Baseline points="362,296 1542,287"/>
        <TextEquiv>
          <Unicode>comme tout le monde, de nos combattants. Personne ne peut</Unicode>
        </TextEquiv>
      </TextLine>

    
    
      <TextLine id="eSc_line_b06ab0d2" >
        <Coords points="360,366 360,391 1580,377 1582,357 1576,324 358,336 360,366"/>
        <Baseline points="360,366 1582,357"/>
        <TextEquiv>
          <Unicode>envoyer ni recevoir de lettres contenant des indications sur</Unicode>
        </TextEquiv>
      </TextLine>

    
    
      <TextLine id="eSc_line_ec23f9e4" >
        <Coords points="364,435 364,459 1558,448 1560,426 1556,402 362,402 364,435"/>
        <Baseline points="364,435 1560,426"/>
        <TextEquiv>
          <Unicode>la situation et sur les mouvements des armées. Je suis ren-</Unicode>
        </TextEquiv>
      </TextLine>

    
    
      <TextLine id="eSc_line_6baf3112" >
        <Coords points="362,501 362,523 1560,525 1564,494 1560,470 375,466 373,466 371,466 369,466 360,472 362,501"/>
        <Baseline points="362,501 1564,494"/>
        <TextEquiv>
          <Unicode>seigné pourtant par l’unanimité des blessés que j’interroge</Unicode>
        </TextEquiv>
      </TextLine>

    
    
      <TextLine id="eSc_line_ada68243" >
        <Coords points="362,569 362,598 950,585 1076,593 1080,593 1082,593 1084,593 1109,584 1477,589 1481,558 1476,536 360,545 362,569"/>
        <Baseline points="362,569 1481,558"/>
        <TextEquiv>
          <Unicode>au Mans et à La Fl èche, et aussi par des réfugiés de la</Unicode>
        </TextEquiv>
      </TextLine>

    
    
      <TextLine id="eSc_line_d1948ce2" >
        <Coords points="362,637 362,666 988,666 988,664 990,664 996,662 1014,651 1232,651 1355,659 1382,660 1384,660 1386,660 1391,659 1413,651 1461,659 1466,659 1468,659 1470,659 1472,659 1472,657 1481,649 1633,657 1637,626 1633,602 1432,593 1430,593 1357,602 1355,602 1353,602 1232,595 1230,595 1228,595 1208,604 1206,604 1190,604 1056,596 1054,596 1007,604 998,606 976,606 873,598 871,598 360,607 362,637"/>
        <Baseline points="362,637 1637,626"/>
        <TextEquiv>
          <Unicode>Belgique et du Nord ou de l&#39;Est de la France, dont les maisons,</Unicode>
        </TextEquiv>
      </TextLine>

    
    
      <TextLine id="eSc_line_22fb2f89" >
        <Coords points="364,703 364,723 1585,721 1587,697 1584,671 426,668 424,668 362,677 364,703"/>
        <Baseline points="364,703 1587,697"/>
        <TextEquiv>
          <Unicode>les villes et les villages ont été détruits, et qui viennent</Unicode>
        </TextEquiv>
      </TextLine>

    
    
      <TextLine id="eSc_line_734da6e2" >
        <Coords points="364,770 364,796 1595,781 1596,761 1591,735 362,745 364,770"/>
        <Baseline points="364,770 1596,761"/>
        <TextEquiv>
          <Unicode>en grand nombre chercher un refuge vers le Centre et le midi.</Unicode>
        </TextEquiv>
      </TextLine>

    
    
      <TextLine id="eSc_line_da97bd99" >
        <Coords points="362,836 362,862 1573,854 1573,827 1567,796 360,811 362,836"/>
        <Baseline points="362,836 1573,827"/>
        <TextEquiv>
          <Unicode>Nous avons des Belges par milliers à loger avec nos blessés,</Unicode>
        </TextEquiv>
      </TextLine>

    
    
      <TextLine id="eSc_line_bd77d982" >
        <Coords points="366,904 366,928 1232,928 1232,926 1243,926 1335,917 1602,924 1606,897 1602,873 1446,862 1444,862 1296,873 1292,873 1289,873 1206,864 1205,864 1157,873 807,865 805,865 803,865 771,875 745,865 743,865 741,865 739,865 706,875 545,867 543,867 364,876 366,904"/>
        <Baseline points="366,904 1606,897"/>
        <TextEquiv>
          <Unicode>sans compter l’armée anglaise, nombreuse au Mans. Les détails</Unicode>
        </TextEquiv>
      </TextLine>

    
    
      <TextLine id="eSc_line_ebf76223" >
        <Coords points="366,970 366,992 1620,983 1620,959 1615,928 523,944 518,944 404,937 402,937 401,937 364,946 366,970"/>
        <Baseline points="366,970 1620,959"/>
        <TextEquiv>
          <Unicode>que j’entends, invariablement les mêmes, sur les violations du</Unicode>
        </TextEquiv>
      </TextLine>

    
    
      <TextLine id="eSc_line_60d8e6ea" >
        <Coords points="364,1036 364,1061 1602,1052 1604,1030 1600,1006 1518,997 1516,997 1514,997 1494,1006 1492,1008 1320,1008 1294,1008 1228,997 1227,997 1179,1008 1175,1008 1162,1008 994,999 992,999 811,1008 780,999 778,999 776,999 774,999 728,1012 456,1012 391,1001 390,1001 388,1001 362,1010 364,1036"/>
        <Baseline points="364,1036 1604,1030"/>
        <TextEquiv>
          <Unicode>Droit des gens commises par les Allemands dépassent les limi-</Unicode>
        </TextEquiv>
      </TextLine>

    
    
      <TextLine id="eSc_line_d65875a4" >
        <Coords points="366,1100 366,1127 1640,1116 1640,1094 1635,1065 364,1067 366,1100"/>
        <Baseline points="366,1100 1640,1094"/>
        <TextEquiv>
          <Unicode>tes de l’invraisemblances. On avu des officiers allemands don-</Unicode>
        </TextEquiv>
      </TextLine>

    
    
      <TextLine id="eSc_line_6fe4c299" >
        <Coords points="364,1169 364,1190 1604,1191 1606,1162 1600,1136 362,1144 364,1169"/>
        <Baseline points="364,1169 1606,1162"/>
        <TextEquiv>
          <Unicode>ner l’ordre et l’exemple d’achever les blessés, mettre le feu</Unicode>
        </TextEquiv>
      </TextLine>

    
    
      <TextLine id="eSc_line_d6a38d76" >
        <Coords points="366,1239 366,1259 1585,1254 1587,1232 1582,1201 364,1210 366,1239"/>
        <Baseline points="366,1239 1587,1232"/>
        <TextEquiv>
          <Unicode>à la paille sur laquelle on les avait entassés et les brûler</Unicode>
        </TextEquiv>
      </TextLine>

    
    
      <TextLine id="eSc_line_b408661c" >
        <Coords points="368,1305 368,1325 1580,1321 1582,1298 1578,1274 1278,1265 1276,1265 1274,1265 1243,1274 1232,1276 1208,1274 1148,1266 1146,1266 1034,1274 972,1277 917,1274 840,1268 838,1268 789,1274 760,1277 741,1274 714,1268 712,1268 710,1268 688,1274 666,1279 635,1274 608,1270 606,1270 604,1270 595,1274 586,1279 366,1276 368,1305"/>
        <Baseline points="368,1305 1582,1298"/>
        <TextEquiv>
          <Unicode>vivants ; cela constamment ; des villages, des villes sans dé-</Unicode>
        </TextEquiv>
      </TextLine>

    
    
      <TextLine id="eSc_line_f3105ce6" >
        <Coords points="369,1369 369,1398 1664,1395 1666,1365 1662,1336 423,1334 421,1334 368,1343 369,1369"/>
        <Baseline points="369,1369 1666,1365"/>
        <TextEquiv>
          <Unicode>fense, comme Louvain, sont bombardés et incendiés ; les allemands</Unicode>
        </TextEquiv>
      </TextLine>

    
    
      <TextLine id="eSc_line_4221616b" >
        <Coords points="368,1440 368,1470 452,1459 673,1468 675,1468 758,1459 1016,1464 1018,1464 1020,1464 1043,1455 1604,1462 1607,1433 1602,1409 366,1409 368,1440"/>
        <Baseline points="368,1440 1607,1433"/>
        <TextEquiv>
          <Unicode>pour avancer impunément, prennent sur leur passage les jeunes</Unicode>
        </TextEquiv>
      </TextLine>

    
    
      <TextLine id="eSc_line_1efb9129" >
        <Coords points="371,1508 371,1530 631,1528 635,1528 661,1537 662,1537 664,1537 760,1528 776,1526 785,1526 835,1536 836,1536 838,1536 840,1536 853,1526 866,1536 868,1536 869,1536 871,1536 873,1536 875,1536 886,1526 890,1526 943,1536 945,1536 1014,1525 1021,1525 1023,1525 1036,1534 1038,1534 1040,1534 1042,1536 1170,1536 1170,1534 1239,1525 1318,1534 1320,1534 1322,1534 1355,1523 1386,1532 1388,1532 1390,1532 1498,1523 1551,1532 1553,1532 1554,1532 1578,1523 1600,1532 1602,1532 1604,1532 1606,1532 1640,1519 1640,1501 1635,1475 369,1475 371,1508"/>
        <Baseline points="371,1508 1640,1501"/>
        <TextEquiv>
          <Unicode>filles, les femmes, les enfants et les poussant devant eux com-</Unicode>
        </TextEquiv>
      </TextLine>

    
    
      <TextLine id="eSc_line_3a98286d" >
        <Coords points="366,1576 366,1594 1585,1589 1587,1570 1584,1545 772,1537 771,1537 769,1537 732,1547 395,1539 393,1539 391,1539 364,1547 366,1576"/>
        <Baseline points="366,1576 1587,1570"/>
        <TextEquiv>
          <Unicode>me des boucliers. Tout ce que nous avons dénoncé d’atrocités</Unicode>
        </TextEquiv>
      </TextLine>

    
    
      <TextLine id="eSc_line_5e5c1e5f" >
        <Coords points="371,1642 371,1671 423,1662 496,1669 498,1669 620,1660 1545,1660 1547,1633 1542,1601 1118,1611 1106,1603 1104,1601 1102,1601 1100,1601 1098,1601 1097,1601 1091,1603 1073,1612 955,1603 934,1603 932,1603 921,1605 871,1612 847,1605 842,1603 840,1603 838,1603 836,1603 831,1605 809,1614 655,1607 624,1605 622,1605 620,1605 619,1605 617,1607 598,1616 369,1609 371,1642"/>
        <Baseline points="371,1642 1547,1633"/>
        <TextEquiv>
          <Unicode>commises dans les Balkans se répète maintenant au coeur de</Unicode>
        </TextEquiv>
      </TextLine>

    
    
      <TextLine id="eSc_line_659dcbaa" >
        <Coords points="368,1708 368,1735 1644,1730 1644,1702 1639,1667 366,1671 368,1708"/>
        <Baseline points="368,1708 1644,1702"/>
        <TextEquiv>
          <Unicode>l’Europe ; les Turcs, à leur tour, vont prendre leur revanche et</Unicode>
        </TextEquiv>
      </TextLine>

    
    
      <TextLine id="eSc_line_bc054c77" >
        <Coords points="368,1775 371,1805 388,1796 1600,1796 1604,1768 1600,1742 1422,1742 1399,1731 1397,1731 1395,1731 1393,1731 1391,1731 1375,1742 1179,1742 1159,1731 1157,1731 1155,1731 1153,1731 1151,1731 1150,1731 1150,1733 1140,1741 1036,1730 1034,1730 1032,1730 981,1744 879,1731 877,1731 822,1744 794,1731 792,1731 675,1731 673,1731 591,1746 459,1739 457,1739 366,1748 368,1775"/>
        <Baseline points="368,1775 1604,1768"/>
        <TextEquiv>
          <Unicode>mettre de nouveau à feu et à sang non plus seulement les Bal-</Unicode>
        </TextEquiv>
      </TextLine>

    
    
      <TextLine id="eSc_line_76d3923b" >
        <Coords points="369,1839 369,1865 1565,1854 1567,1836 1564,1812 1075,1803 1073,1803 1071,1803 1069,1803 1069,1805 1060,1812 717,1805 716,1805 668,1814 650,1805 648,1805 646,1805 644,1805 624,1816 490,1816 432,1805 430,1805 368,1816 369,1839"/>
        <Baseline points="369,1839 1567,1836"/>
        <TextEquiv>
          <Unicode>kans mais la Turquie d&#39;Asie ; ce que nous avions écrit comme</Unicode>
        </TextEquiv>
      </TextLine>

    
    
      <TextLine id="eSc_line_e68c4db8" >
        <Coords points="371,1902 371,1927 1602,1922 1604,1905 1602,1880 371,1871 371,1902"/>
        <Baseline points="371,1902 1604,1905"/>
        <TextEquiv>
          <Unicode>conclusion n’aura été d’une préface. C&#39;est la Barbarie triom-</Unicode>
        </TextEquiv>
      </TextLine>

    
    
      <TextLine id="eSc_line_65d25155" >
        <Coords points="368,1971 368,1999 1626,1990 1626,1971 1626,1948 1538,1948 1538,1946 1525,1937 1523,1937 1521,1937 1520,1937 1461,1946 1459,1946 1457,1946 1340,1937 1338,1937 1336,1937 1316,1946 1302,1937 1300,1937 1298,1937 1296,1937 1217,1946 1212,1948 1080,1948 1078,1946 1060,1937 1058,1937 1056,1937 1054,1937 1031,1946 1029,1948 935,1948 934,1946 924,1937 923,1937 921,1937 919,1937 877,1946 873,1948 675,1948 673,1946 653,1937 651,1937 650,1937 368,1944 368,1971"/>
        <Baseline points="368,1971 1626,1971"/>
        <TextEquiv>
          <Unicode>phante ; mais ce triomphe ne sera que momentané, et je n’entend</Unicode>
        </TextEquiv>
      </TextLine>

    
    
      <TextLine id="eSc_line_bef94c33" >
        <Coords points="369,2028 369,2059 849,2052 886,2059 906,2063 908,2063 963,2059 1038,2054 1097,2059 1157,2065 1159,2065 1274,2059 1342,2056 1351,2059 1375,2068 1377,2068 1379,2068 1380,2068 1382,2068 1393,2059 1397,2057 1523,2057 1527,2059 1538,2067 1540,2067 1542,2067 1543,2067 1596,2057 1598,2037 1596,2013 369,1999 369,2028"/>
        <Baseline points="369,2028 1598,2037"/>
        <TextEquiv>
          <Unicode>personne différer sur la conclusion de ce drame épouvantable:</Unicode>
        </TextEquiv>
      </TextLine>

    
    </TextRegion>
    
  </Page>
</PcGts>
