1761 2197
885 151 1020 216 - 17 -
335 278 1649 347 restera bleu jusqu’à la fin de mon voyage. J'arrive à Tuffé, chez
337 351 1614 417 le Maire, un cultivateur, dont la ferme, tout prè(s) du bourg, ouvre
333 419 1638 479 sur les champs. Après quoi, dans un paysage enchanteur, franchis-
331 481 1475 547 sant des ponts très anciens et les capricieux méandres de
335 549 1673 622 l'Huisnes, cachée dans les prés verts, sous les peupliers, j’arrive
333 615 1632 673 à la grande route du Mans à Chartres, à Sceaux-sur-Huisnes, où un
329 677 1550 743 déjeuner intime m’attend. Quel déjeuner ! Le spectacle d’une
329 754 1590 809 nature fraîche et riante, le grand air vif d'une matinée de fin
331 811 1610 873 Septembre, et aussi la joie des cœurs simples qui m'accueillent
328 878 1632 950 m'ont mis sans doute en appêtit. Suivant mon désir, on déjeunera
329 948 1640 1014 en tête à tête pour pouvoir causer librement. ais, tout d’abord,
331 1008 1590 1069 dans combien de temps le déjeuner ? Dans une petite heure! Le
329 1082 1612 1138 couvert est mis ; la patronne est à la cuisine, elle-même avec sa
333 1149 1608 1208 sœur, ancienne aubergiste retirée, mobilisée à mon service pour
331 1213 1647 1270 la circonstance. Mon hôte est lui-même un éleveur de bétail, com-
329 1274 1610 1340 merçant ancien boucher. Depuis la mort de son fils, sa femme et
328 1343 1572 1404 lui se sont retirés des affaire, mais non pas du monde ; il se
329 1407 1629 1468 prodigue au service de tous ses voisins, de tout le pays ; il est
326 1482 1607 1532 Maire ; le cœur sur la main, il a su faire face aux difficultés
329 1536 1662 1603 du ravitaillement, décider les bonnes femmes, sans les contraindre,
328 1603 1630 1671 à nourrir nos armées ; mal recu par elles, plus d’une fois, quand
331 1673 1629 1739 il découvrait dans leurs fermes et du bétail et du grain qu’elles
331 1730 1590 1803 lui cachaient en quantité, mul ne lui en gardé rancune. Il est
329 1805 1563 1863 populaire et c'est pourquoi il avait été élu, avant la guerre,
326 1874 1649 1942 Conseiller Général de son canton. Nous causons ; nous sommes bien
