1712 2197
723 97 834 162 - 2 -
216 195 1543 259 l’affaire du Mexique, ce qui, à mes yeux, n’est pas juste, car s’il
214 258 1521 320 était impossible à tout être humain d’éviter, dans une crise aussi
210 325 1598 393 grave, des erreurs et même des fautes, il faut voir les choses par les
208 397 1638 459 grandes lignes et reconnaître que l’administration du Pt. Wilson a évité
210 455 1576 516 la guerre, là où bien d’autres Gouvernements l'auraient crue inévita-
208 519 1558 582 ble ou même nécessaire. Aucun Gouvernement ne règlera jamais parfai-
210 584 1521 649 tement vos difficultés avec le Mexique, pas plus qu’aucun homme ne
208 655 1594 721 peut vivre tranquille avec un voisin turbulent. On ne peut pas rendre
208 723 1554 787 le Gouvernement du Pt Wilson, pas plus que celui de M. Taft, respon-
208 787 1574 844 sable d’une situation qui résulte de la nature des choses et qui, re-
206 853 1232 911 montant à bien loin, se prolongera encore longtemps.
302 915 1448 974 En revanche, on n’a pas tenu compte au Gouvernement du Pt.
205 975 1550 1049 Wilson de sa bien rare énergie dans l’affaire presque désespérée des
206 1041 1153 1103 taxes du canal de Panama. Là il a été admirable.
302 1107 1415 1175 Il est probable qu'on a reproché aux Démocrates ce qu'on
203 1169 1488 1241 leur a reproché avec raison dans tous les temps et tous les pays:
201 1237 1547 1305 leur inexpérience des hommes et des choses, leurs choix de fonction-
199 1309 1503 1374 naires ou de représentants peu préparés et encore moins qualifiés,
199 1367 1490 1435 etc. etc. et quantité d’erreurs de détail auxquelles l'opinion est
199 1439 1549 1495 souvent plus sensible qu’aux grandes fautes. Les Américains sont, en
199 1495 1563 1563 cette matière, aussi susceptibles que les Français ; les Anglais seuls
201 1561 1505 1631 supportent, sans même les voir, ces petits ennuis ; ils les évitent
197 1633 1484 1691 aussi par leur modération et leur respect traditionnel des formes
195 1693 1543 1761 dont on a bien tort de se moquer. C'est eux qui disent "les manières
197 1753 1224 1823 font les hommes" ; ils ont raison et ils le prouvent.
291 1819 1560 1891 Quoi qu’il en soit, les démocrates ont perdu beaucoup de terrain
195 1885 498 1948 aux Etats-Unis.
289 1960 1554 2026 Je me demande, - vous ferez la part naturelle de ma partialité,-
