<?xml version="1.0" encoding="UTF-8"  standalone="yes"?>
<PcGts xmlns="http://schema.primaresearch.org/PAGE/gts/pagecontent/2019-07-15" xmlns:xsi="http://www.w3.org/2001/XMLSchema-instance" xsi:schemaLocation="http://schema.primaresearch.org/PAGE/gts/pagecontent/2019-07-15 http://schema.primaresearch.org/PAGE/gts/pagecontent/2019-07-15/pagecontent.xsd">
  <Metadata>
	<Creator>escriptorium</Creator>
	<Created>2022-07-21T12:02:33.328360+00:00</Created>
        <LastChange>2022-07-21T12:02:33.328381+00:00</LastChange>

  </Metadata>
  <Page imageFilename="FRAD072_12J386_lettre0532_annexe01_005.jpg" imageWidth="1745" imageHeight="2197">

    

    
    <TextRegion id="eSc_dummyblock_">
    
    
      <TextLine id="eSc_line_5da813e7" >
        <Coords points="838,210 838,241 941,232 941,210 941,166 895,155 893,155 891,155 838,172 838,210"/>
        <Baseline points="838,210 941,210"/>
        <TextEquiv>
          <Unicode>- 5 -</Unicode>
        </TextEquiv>
      </TextLine>

    
    
      <TextLine id="eSc_line_80bcb0e4" >
        <Coords points="357,344 357,364 1618,358 1618,331 1613,298 355,314 357,344"/>
        <Baseline points="357,344 1618,331"/>
        <TextEquiv>
          <Unicode>proposé de 9.000 francs. Si un supplément de 600 francs pouvait</Unicode>
        </TextEquiv>
      </TextLine>

    
    
      <TextLine id="eSc_line_4cb2e674" >
        <Coords points="358,406 358,437 481,426 580,435 582,435 968,424 1049,433 1060,433 1062,433 1085,433 1252,422 1609,428 1613,400 1607,377 357,378 358,406"/>
        <Baseline points="358,406 1613,400"/>
        <TextEquiv>
          <Unicode>encore être employé, il serait de toute équité de l’attribuer à</Unicode>
        </TextEquiv>
      </TextLine>

    
    
      <TextLine id="eSc_line_36454d52" >
        <Coords points="357,472 357,501 1675,492 1677,466 1671,433 355,446 357,472"/>
        <Baseline points="357,472 1677,466"/>
        <TextEquiv>
          <Unicode>Melle PEYLADE en raison de son XXXX ancienneté, de ses services et</Unicode>
        </TextEquiv>
      </TextLine>

    
    
      <TextLine id="eSc_line_7c97c1f1" >
        <Coords points="355,540 355,562 1593,558 1594,532 1589,508 353,510 355,540"/>
        <Baseline points="355,540 1594,532"/>
        <TextEquiv>
          <Unicode>du supplément d’occupation que représente la comptabilité dont</Unicode>
        </TextEquiv>
      </TextLine>

    
    
      <TextLine id="eSc_line_9c7ce7d5" >
        <Coords points="355,604 355,631 1690,624 1691,600 1686,576 353,576 355,604"/>
        <Baseline points="355,604 1691,600"/>
        <TextEquiv>
          <Unicode>elle est chargée. Ses appointements seraient ainsi portés à 500 frs</Unicode>
        </TextEquiv>
      </TextLine>

    
    
      <TextLine id="eSc_line_1332f57f" >
        <Coords points="353,671 353,701 547,703 549,671 549,649 353,649 353,671"/>
        <Baseline points="353,671 549,671"/>
        <TextEquiv>
          <Unicode>par mois.</Unicode>
        </TextEquiv>
      </TextLine>

    
    
      <TextLine id="eSc_line_0c198c71" >
        <Coords points="531,737 531,767 670,757 1098,765 1100,765 1102,765 1131,756 1684,763 1688,734 1682,701 529,703 531,737"/>
        <Baseline points="531,737 1688,734"/>
        <TextEquiv>
          <Unicode>Si vous jugiez que la somme de 9.000 francs prévue au pro-</Unicode>
        </TextEquiv>
      </TextLine>

    
    
      <TextLine id="eSc_line_cede325b" >
        <Coords points="351,805 351,829 1669,820 1669,801 1664,765 1567,776 1528,767 1527,767 1525,767 1311,776 1270,768 1257,767 1256,767 1254,767 1252,767 1250,768 1239,778 1087,778 1074,770 1065,767 1063,767 1062,767 1034,770 994,778 946,772 911,768 910,768 721,774 617,778 607,776 584,768 582,768 580,768 532,778 525,778 523,778 510,768 509,768 507,768 388,768 386,768 384,768 349,778 351,805"/>
        <Baseline points="351,805 1669,801"/>
        <TextEquiv>
          <Unicode>jet de budget prochain ne doit pas être employée tout entière, les</Unicode>
        </TextEquiv>
      </TextLine>

    
    
      <TextLine id="eSc_line_639d8cee" >
        <Coords points="351,871 351,891 364,900 366,900 368,900 369,902 710,902 710,900 712,900 714,900 725,891 743,900 745,900 747,900 884,891 1102,891 1133,900 1135,900 1137,900 1184,891 1239,900 1241,900 1294,891 1373,900 1375,900 1591,891 1622,900 1624,900 1625,900 1627,900 1651,889 1651,871 1651,847 351,840 351,871"/>
        <Baseline points="351,871 1651,871"/>
        <TextEquiv>
          <Unicode>chiffres portés au tableau ci-dessus subiraient naturellement une</Unicode>
        </TextEquiv>
      </TextLine>

    
    
      <TextLine id="eSc_line_2fc11a3f" >
        <Coords points="346,937 346,966 899,961 899,937 899,909 346,909 346,937"/>
        <Baseline points="346,937 899,937"/>
        <TextEquiv>
          <Unicode>diminution proportionnelle.</Unicode>
        </TextEquiv>
      </TextLine>

    
    
      <TextLine id="eSc_line_74d758fc" >
        <Coords points="523,1005 523,1025 1642,1027 1646,999 1642,974 1580,963 1578,963 1512,972 1052,964 1051,964 1049,964 1047,964 1030,975 895,975 844,966 842,966 648,975 545,966 543,966 541,966 521,975 523,1005"/>
        <Baseline points="523,1005 1646,999"/>
        <TextEquiv>
          <Unicode>Le point de départ des modifications aux traitements de-</Unicode>
        </TextEquiv>
      </TextLine>

    
    
      <TextLine id="eSc_line_297ed068" >
        <Coords points="347,1072 349,1102 386,1093 433,1102 437,1102 439,1102 1646,1091 1647,1067 1644,1043 1235,1032 1234,1032 1232,1032 1201,1043 911,1034 910,1034 765,1047 598,1047 582,1036 580,1036 578,1036 576,1036 529,1045 518,1036 516,1036 514,1036 426,1036 424,1036 346,1047 347,1072"/>
        <Baseline points="347,1072 1647,1067"/>
        <TextEquiv>
          <Unicode>vrait être fixé normalement au 1er juillet prochain, premier jour</Unicode>
        </TextEquiv>
      </TextLine>

    
    
      <TextLine id="eSc_line_b657264e" >
        <Coords points="346,1136 346,1157 1607,1158 1609,1136 1607,1107 346,1111 346,1136"/>
        <Baseline points="346,1136 1609,1136"/>
        <TextEquiv>
          <Unicode>du nouvel exercice financier. Cependant, nos collaboratrices ne</Unicode>
        </TextEquiv>
      </TextLine>

    
    
      <TextLine id="eSc_line_49623314" >
        <Coords points="346,1204 346,1224 1604,1221 1605,1201 1600,1171 344,1179 346,1204"/>
        <Baseline points="346,1204 1605,1201"/>
        <TextEquiv>
          <Unicode>m&#39;ont pas caché que cette échéance leur paraissait lointaine et</Unicode>
        </TextEquiv>
      </TextLine>

    
    
      <TextLine id="eSc_line_649c5f49" >
        <Coords points="347,1270 347,1294 1640,1294 1642,1265 1636,1233 346,1244 347,1270"/>
        <Baseline points="347,1270 1642,1265"/>
        <TextEquiv>
          <Unicode>que, s’il était possible de hâter l’application des mesures envi-</Unicode>
        </TextEquiv>
      </TextLine>

    
    
      <TextLine id="eSc_line_92f0dcc1" >
        <Coords points="346,1336 346,1358 1629,1362 1633,1332 1627,1301 344,1307 346,1336"/>
        <Baseline points="346,1336 1633,1332"/>
        <TextEquiv>
          <Unicode>sagées, elles apprécieraient beaucoup cette mesure bienveillante.</Unicode>
        </TextEquiv>
      </TextLine>

    
    
      <TextLine id="eSc_line_bd363f34" >
        <Coords points="521,1400 520,1418 595,1433 596,1433 693,1422 695,1422 697,1422 761,1433 763,1433 811,1424 820,1422 1638,1433 1642,1404 1640,1378 521,1374 521,1400"/>
        <Baseline points="521,1400 1642,1404"/>
        <TextEquiv>
          <Unicode>J’ajoute enfin que je n’ai communiqué à aucun des inté-</Unicode>
        </TextEquiv>
      </TextLine>

    
    
      <TextLine id="eSc_line_97c0287b" >
        <Coords points="340,1471 340,1503 523,1501 525,1501 527,1501 538,1492 563,1501 565,1501 567,1501 569,1501 587,1492 629,1501 633,1501 635,1501 642,1501 699,1492 743,1499 754,1501 756,1501 758,1501 759,1501 761,1499 776,1490 884,1490 902,1497 904,1499 906,1499 908,1499 910,1499 913,1497 933,1490 1157,1490 1173,1495 1182,1499 1184,1499 1186,1499 1221,1495 1274,1488 1316,1493 1342,1497 1343,1497 1640,1490 1642,1466 1636,1431 1508,1440 1285,1435 1217,1433 1215,1433 1213,1433 1206,1435 1186,1442 1032,1437 950,1435 948,1435 338,1444 340,1471"/>
        <Baseline points="340,1471 1642,1466"/>
        <TextEquiv>
          <Unicode>ressés les propositions qui précèdent, de facon à réserver vis-à-</Unicode>
        </TextEquiv>
      </TextLine>

    
    
      <TextLine id="eSc_line_e6e64403" >
        <Coords points="344,1534 344,1556 1279,1559 1283,1530 1279,1508 922,1499 921,1499 342,1510 344,1534"/>
        <Baseline points="344,1534 1283,1530"/>
        <TextEquiv>
          <Unicode>vis d’eux votre entière liberté d&#39;appréciation.</Unicode>
        </TextEquiv>
      </TextLine>

    
    
      <TextLine id="eSc_line_be815733" >
        <Coords points="521,1596 520,1620 1226,1631 1228,1631 1620,1622 1622,1600 1620,1574 521,1572 521,1596"/>
        <Baseline points="521,1596 1622,1600"/>
        <TextEquiv>
          <Unicode>Veuillez me croire, mon cher Président, votre très res-</Unicode>
        </TextEquiv>
      </TextLine>

    
    
      <TextLine id="eSc_line_d6ec1566" >
        <Coords points="342,1664 342,1697 1105,1688 1105,1664 1105,1636 342,1636 342,1664"/>
        <Baseline points="342,1664 1105,1664"/>
        <TextEquiv>
          <Unicode>pectueusement reconnaissant et dévoué,</Unicode>
        </TextEquiv>
      </TextLine>

    
    
      <TextLine id="eSc_line_f649da0a" >
        <Coords points="104,1861 104,1894 1107,1891 1107,1858 1102,1819 983,1834 950,1834 939,1823 939,1821 937,1821 935,1821 906,1821 772,1821 770,1821 769,1821 767,1821 754,1832 650,1823 646,1823 644,1823 642,1823 596,1834 102,1829 104,1861"/>
        <Baseline points="104,1861 1107,1858"/>
        <TextEquiv>
          <Unicode>à Monsieur le Président d&#39;ESTOURNELLES de CONSTANT</Unicode>
        </TextEquiv>
      </TextLine>

    
    
      <TextLine id="eSc_line_79bf3084" >
        <Coords points="443,1898 443,1918 611,1916 613,1896 607,1874 441,1874 443,1898"/>
        <Baseline points="443,1898 613,1896"/>
        <TextEquiv>
          <Unicode>Sénateur</Unicode>
        </TextEquiv>
      </TextLine>

    
    
      <TextLine id="eSc_line_5507024d" >
        <Coords points="386,1931 386,1962 433,1953 477,1962 481,1962 483,1962 499,1962 754,1951 970,1958 972,1927 968,1905 384,1905 386,1931"/>
        <Baseline points="386,1931 972,1927"/>
        <TextEquiv>
          <Unicode>34 ter rue Molitor - PARIS -</Unicode>
        </TextEquiv>
      </TextLine>

    
    </TextRegion>
    
  </Page>
</PcGts>
