1733 2197
904 151 1044 197 - 20 -
435 274 1632 333 organe hebdomadaire ou bi-mensuel. J'en prends pour exemple
432 344 1670 393 l'excellente revue de nos collaborateurs Ruyssen, Prudhommeaux
432 404 1681 479 et Dumas, "LA PAIX PAR LE DROIT" qui a une rédaction excellente,
434 476 1652 527 mais qui n'est ni assez riche, ni assez répandue pour exercer
432 534 1575 600 sur le public une action vraiment efficace. Elle fait un
432 611 1630 664 grand bien parmi ses lecteurs ; le seul dommage est que ceux-
430 670 1549 723 ci sont encore trop peu nombreux et la revue trop pauvre
432 734 958 796 pour étendre sa diffusion.
723 805 1549 856 Ce qui revient à dire qu'un journal, même
428 865 1586 928 avec des collaborateurs d’élite, n'est populaire que grâce
430 931 1663 999 à de l'argent. C'est donc de l’argent qu’il nous faudrait, et
428 1001 1569 1060 en quantité suffisante pour être certains de mener à bien
426 1060 703 1122 l'entreprise.
425 1164 1663 1232 M. le Prof. Charles RICHET.- J'approuve énergiquement cette
428 1237 1586 1287 proposition ; c'est le bon sens même ; là est le salut ; rien
425 1292 1606 1358 ne doit compter pour arriver au résultat que pareil journal
425 1362 1507 1424 pourrait domner. Il faudrait que ce journal fut fondé
423 1429 1093 1490 demain. De qui cela d/épend-il ?
719 1521 1615 1583 (Une discussion générale s'ouvre à ce moment;
425 1589 1619 1653 chacun des membres présents est d'avis que la fondation d'un
423 1669 1621 1722 grand quotidien est le seul moyen d'aboutir à l'organisation
423 1730 1562 1786 de la paix, et qu’il serait urgent de suggérer cette fon-
421 1796 1580 1847 dation à M.M. les Trustees Américains, en insistant sur la
419 1852 1538 1924 nécessité d'une réalisation rapide, même au prix de gros
421 1926 871 1991 sacrifices d'argent. )
