1749 2197
893 113 1014 170 - 8 -
419 252 1527 314 présents sont unanimes à trouver que le Bureau Européen
417 320 1587 382 n'avait pas de/meilleure occasion de manifester sa vitalité
417 388 767 452 et son activité).
712 479 1620 543 (. M. le Président fait un résumé des délibé-
417 554 1604 611 rations qui se sont poursuivies du 20 Janvier au 1° Février
417 620 1580 675 1919, au Boulevard St-Germain, entre les représentants des
417 684 1498 745 puissances alliées, Amérique, Grande-Bretagne, France,
417 754 1523 807 Roumanie, Serbie, Belgique, Italie, et qui ont abouti à
417 818 1505 867 l'élaboration d'un important plan commun de Société des
415 884 1564 942 Nations. Il donne lecture de la résolution unanime à la-
419 950 1624 1008 quelle ont abouti ces travaux résolution demandée par M. le
417 1010 1545 1072 Président du Conseil Clemenceau, à qui elle vient d'être
419 1087 1580 1135 présentée, en même temps qu’aux autres chefs des Gouverne-
415 1142 690 1208 ments alliés.
714 1202 1615 1279 Ce document reçoit l'approbation du Conseil).
415 1409 1529 1475 M. LE PRÉSIDENT.- (se tournant alore vers M. O.Nippold,
415 1473 1521 1541 poursuit en ces termes) "Nous tenons beaucoup, mon cher
417 1541 1556 1598 Nippold, à voir figurer dans le procès-verbal ce que vous
417 1611 1542 1662 avez fait en Suise, pendant la guerre, dans l'intérêt de
415 1675 1543 1737 notre défense interalliée. Veuillez donc nous donner un
413 1739 1454 1801 aperdu de votre action pendant ces dernières années.
410 1834 1640 1907 M. le Prof. O.NIPPOLD.- Permettez-moi d'abord, Monsieur le
