1737 2197
914 131 1037 192 - 4 -
672 267 1551 331 Mais c’est ainsi, la guerre n’a pas fini de
355 324 906 404 porter ses funestes fruits.
672 562 1608 631 Dans la Sarthe, les républicains et les socia-
357 624 1568 699 listes ont été en majorité, mais leurs adversaires, bien que
353 699 1529 765 moins nombreux, ont réussi à conquérir les deux sièges que
353 763 1487 827 l'emprisonnement de M. Caillaux et la mort de M. Laroche
357 829 1566 893 laissaient vacants. En fait, ils ont quatre sièges sur cinq
355 898 1550 963 et le cinquième est assez douteux. Ils ont bénéficié aussi
351 968 1586 1025 d’un nombre considérable d’abstentions ; beaucoup d’électeurs
353 1038 1588 1098 ayant préféré ne pas voter plutôt que de subir l’interdiction
351 1098 1605 1166 de voter comme ils l'eussent voulu. En sorte qu'en totalisant
355 1168 1564 1222 les abstentions très nombreuses, les voix des socialistes et
349 1241 1586 1292 celles des républicains, on constate que le département de la
353 1307 1601 1362 Sarthe est devenu plus républicain alors que sa représentation
349 1371 692 1435 cesse de l'être.
688 1426 1584 1493 Beau résultat de la réforme électorale et de
353 1503 566 1570 la guerre.
943 1563 1533 1631 Votre affectueusement dévoué
985 1634 1421 1715 ££ ££ ££
186 1713 313 1799 P.S,-
375 1763 1639 1819 Je vous envoie ci-joint pour compléter ma correspondance anté-
351 1803 1638 1858 rieure un exemplaire de ma profession de foi pour les élections
351 1836 1518 1893 municipales du 30 Novembre et une de mes affiches pour les
351 1872 1590 1948 élections cantonales du 14 Décembre. ££
186 1929 1136 1993 à Monsieur le Président Nicholas Murray BUTLER,
188 2035 399 2087 €€ annexes.
610 1977 798 2030 NEW-YORK
