1738 2197
836 206 952 263 - 9 -
336 298 1618 367 pût être question d’arbitrage obligatoire et sans réserve ; on ne
325 371 1602 432 comptait sur la possibilité d’aucune sanction, la limitation des
324 441 1598 496 armements était une chimère ; et plus encore de même une adminis-
324 496 1600 565 tration, un conseil représentatif et exécutif international. Au-
322 567 1637 640 jourd'hui tout cela va devenir la réalité, si nous savons compren-
320 633 1673 719 dre l’enseignement de la guerre ; si nous savons, si nous voulons....
769 763 1355 845 Votre affectueusement dévoué,
232 1014 923 1109 à M. le Président N Murray BUTLER
408 1094 597 1169 NEW YORK .
