1729 2197
694 115 815 170 - 5 -
315 161 1668 228 étant donné l’immensité du champ de bataille ouvert depuis l’Europe
318 234 1664 296 jusqu’à l'Océan Pacifique, on pourrait se borner à charger une com-
315 296 1631 364 mission de visiter simplement les territoires franco-belges, avec
315 364 1681 430 la mandat d'établir dans quelle mesure le droit des gens et les con-
315 437 1628 496 ventions de la Haye ont été violés ? C’est sur ce point bien cir-
316 510 1100 569 conscrit que j’appelle votre attention.
532 567 1591 622 Il est difficile aux Etats neutres de rester specta-
316 635 1628 693 teurs impassibles de ces violations qui les menacent au plus haut
313 703 1630 767 degré et de ne pas chercher à faire la lumi ère sur cette question
313 761 783 829 d’un intérêt universel.
531 836 1551 898 Les conventions de la Haye ont-elles été des actes
316 900 1644 953 sérieux ou une comédie : un effort utile ou une dérision ? Un pro-
315 961 1642 1025 gr ès ou un recul ? Une manifestation de bonne volonté ou d’impuis-
313 1038 1628 1094 sance, une manifestation superficielle n’aboutissant qu’à tromper
315 1093 1626 1166 et à endormir l'opinion ? La consécration, en un mot, ou la scan-
313 1162 1622 1230 daleuse et irrémédiable faillite du Droit ? Une pareille question
311 1235 1642 1290 ne peut pas rester sans réponse, si nous voulons que les Gouverne-
311 1301 1679 1354 ments accusés d’avoir été dupes ou complices, conservent encore quel
311 1365 1646 1426 que autorité. L’opinion ne voudra pas et ne pourra pas rester dans
313 1433 1661 1486 le doute sur ce point vital ; nous l’avions émue, appelée à l’espoir
309 1493 1639 1554 à la confiance. Allons-nous la laisser retomber à plat, à la néga-
311 1563 1642 1631 tion méprisante de toute une oeuvre qui la passionnait ? Les €Etats€
311 1629 1641 1686 conventions de la Haye ont été signées par 44 Etats, par les Etats
307 1697 1679 1753 neutres comme par les belligérants ; elles devraient être la garantie
311 1763 1617 1818 de tous ; le devoir des neutres, comme leur intérêt, est de conti-
309 1825 1655 1893 nuer à y croire, de ne pas s’en détacher, eux aussi. Ce serait sur-
313 1887 1639 1964 tout le devoir et le rôle des Etats-Unis, apr ès la grande part que
