1737 2197
894 100 1038 192 - 3 -
646 289 1518 349 Je veux bien que cette bonne femme soit une
324 353 1562 413 exception ; mais d'autres voudraient un empereur ; d’autres un
327 432 1619 487 général, un maître enfin. Au total, cela fait beaucoup de monde
329 494 1599 551 contre la République ; et c’est pourquoi je me réfuse énergique-
324 560 1540 616 ment, sous prétexte de redouter le bolchevisme qui jamais ne
327 629 1581 682 s’acclimatera en France, à préparer le retour des vieux partis
327 703 1559 750 qui, non contents de nous avoir fait tant de mal, voudraient
324 757 820 825 maintenant nous achever.
639 822 1599 884 Croyez bien que je ne suis devenu ni socialiste
322 895 1480 950 ni extrémiste, mais que je sais quels sont les hommes qui
324 959 1539 1019 voulaient la guerre, tandis que le Kaiser lui, commettait le
326 1027 1579 1087 folie de la déchaîner ; ces mêmes hommes la voudront encore et
324 1102 1517 1169 ce sont eux qui nous préparent la révolution et le désastre
322 1147 558 1215 universels.
919 1263 1511 1329 Votre affectueusement dévoué,
963 1354 1381 1450 ££ ££ ££
201 1550 1150 1633 à Monsieur le Président Nicholas Murray BUTLER,
621 1633 813 1700 NEW-YORK.
