1742 2197
842 80 968 146 - 3 -
382 179 1633 243 dit les super-Dreadnoughts allemands. Quant à nos chemins de
386 254 1685 313 fer, des trains sans nombre et sans fin se succèdent ou se croi-
386 318 1696 377 sent nuit et jour, sur toutes nos lignes, des Alpes, des Pyrénées
384 386 1650 448 et de l'Océan jusqu’aux Vosges, transportant les troupes fran-
386 459 1666 512 çaises et même anglaises, leurs munitions, leur matériel en or-
384 516 1666 578 dre parfait, pour revenir à vide ou ramener les convois de pri-
384 584 1650 655 sonniers et de blessés dont les campements ou les hôpitaux vo-
386 657 1654 714 lontaires ou publics sont prêts dans toutes nos petites villes
384 723 822 779 du sud ou de l'ouest.
580 785 1542 845 La mobilisation, commencée il y a treize jours,
382 858 1630 919 est aujourd'hui accomplie ; elle s’est faite exactement, comme
382 926 1610 988 par un mouvement d’horlogerie, dans les délais prévus depuis
381 988 1677 1050 vingt années, par l'Etat-Major, avec un entrain incroyable, ame-
382 1063 1644 1116 nant à leur poste tous les hommes de l’armée active, de la ré-
382 1120 1639 1188 serve, de la territoriale: dans toutes les villes ou villages
379 1190 1668 1261 même ceux où passent à heure fixe jusqu’à cent cinquante trains
377 1261 1626 1323 militaires par jour, les femmes se sont organisées pour aller
381 1329 1622 1387 à la gare distribuer aux soldats et aux officiers, fraternel-
381 1389 1687 1461 lement unis, des fleurs des boissons fraîches, des fruits ; nulle
381 1464 1628 1519 part l’alimentation des troupes ne laisse à désirer ; l'argent
382 1534 1624 1596 est réservé avant tout à l’armée, à tel point que les Banques
381 1592 1578 1658 refusent momentanément de servir aux particuliers leurs dé
377 1667 1602 1720 pôts, afin de tenir à la disposition de l'Etat tout leur nu-
377 1735 1624 1799 méraire possible. Et personne ne se plaint, au contraire ; les
379 1790 1622 1854 livraisons de quantités énormes de foin, de blé, de bestiaux se
381 1856 1688 1933 font à l’heure dite, jour par jour, comme si tout cela fonction-
377 1926 1621 2001 nait depuis des années. C'est la nation entière qui s'est mo-
