1727 2197
774 113 890 177 - 3 -
261 201 1635 263 si le Pt. Wilson n’aurait pas gagné bien des sympathies par une atti-
261 274 1505 324 tude moins réservée, moins effacée dans la guerre actuelle. Je
258 338 1562 400 vous l'ai écrit déjà, sans penser à vos élections ; maintenant j'y
258 404 1595 457 reviens. La neutralité des Etats-Unis allait de soi, mais non l’in-
260 466 1505 529 différence, la prudence excessive, autrement dit la peur de se
260 541 1600 595 compromettre...... Cela, je le répète, en face d'un conflit qui met
260 596 1600 653 aux prises le droit d’une part et la violence sans scrupule d’autre
260 664 1620 726 part, c'était plutôt la neutralité de Ponce Pilate que la politique
260 730 1582 792 d'un grand pays. C'était juste ce qui convenait pour refroidir les
260 798 1595 862 enthousiasmes sans satisfaire les égoïsmes. Qu’un Gouvernement con-
260 860 1615 926 servateur ménage la ch èvre et le chou, vive au jour le jour, en évi-
261 931 1620 983 tant de se prononcer sur des principes, c’est tout naturel, mais non
260 1003 1633 1049 un Gouvernement libéral, à plus forte raison un Gouvernement démocra-
260 1061 1635 1122 tique. On gagne rien à laisser le champ libre aux perturbateurs, à €pu€
419 1034 481 1082 ne
256 1127 1560 1190 plus forte raison aux ennemis déclarés des garanties légales dont
256 1190 847 1250 nous avons besoin pour vivre.
355 1255 1580 1312 Le Pt. Roosevelt l'a très bien compris et c’est pourquoi il a
261 1321 1593 1378 si vivement protesté contre la violation inadmissible de la neutra-
260 1382 1520 1444 lité belge. Vous m'objecterez qu’il appuie sa protestation sur
261 1453 1613 1514 "une grande marine" mais c’est ici que le Pt. Wilson devait et pou-
256 1526 1613 1580 vait refuser de le suivre et bien marquer la profonde différence qui
260 1589 822 1642 sépare les deux conceptions.
357 1647 1637 1706 Un grand pays comme les Etats-Unis peut et doit protester contre
258 1713 1536 1766 toute violation du droit des gens, sans être pour cela obligé de
260 1785 1576 1836 déclarer la guerre aux Gouvernements coupables. Au contraire, loin
258 1843 1653 1902 de fortifier votre protestation., votre grande marine lui aurait donné
254 1909 1629 1971 un caractère dangereux, le caractère d’une menace. Je l'ai écrit dans
