1741 2197
692 82 1330 168 LETTRE N° 7 (19 Octobre 1914)
366 247 1574 329 Toujours contre la paix à tout prix. Interview au "New York
362 360 518 421 Times".
361 422 1270 488 La responsabilité de l’empereur Guillaume II
361 496 1609 567 Les neutres.-. La neutralité ne doit pas être l’indifférence.
364 757 1574 822 Encore des blessés.- Nos médecins militaires.-. L'Allemagne
366 829 1634 897 hors la loi.- Mort héroïque de mon collègue, le Sénateur Emile
364 898 546 966 Reymond.
364 966 1557 1023 Les haines survivront à la guerre. - La France saignée une
370 1025 1612 1105 fois de plus - La leçon de la guerre confirmera notre ensei-
364 1103 1066 1169 gnement et justifiera nos efforts.
