1739 2197
965 84 1081 148 - 2 -
373 300 1535 362 Non, il faudrait les augmenter d’autant plus largement que
665 280 822 333 ££
709 228 1616 289 Peut-on diminuer nos dépenses de production ?
371 373 1610 430 notre main d’œuvre, -après tant de pertes et avec notre nata-
375 439 1555 499 lité toujours plus réduite, - deviendra plus rare, plus exi-
371 494 1535 565 geante, moins instruite et plus surmenée ; il faudrait les
377 567 1557 631 augmenter délibérément sous peine de porter le dernier coup
371 631 1592 692 à la mise en valeur, trop longtemps sacrifiée, des ressources
373 701 1583 759 qui vont nous rester. Pensez qu’il va nous manquer du monde,
373 768 1592 823 et du matériel et des forces pour supporter un fardeau quatre
370 829 1665 897 fois plus lourd que par le passé ! Nous ferons donc difficilement
373 900 1610 955 et j’espère que nous ne voudrons pas faire le sacrifice de nos
370 972 1627 1025 dépenses de production. Mais, par ailleurs, quelle part énorme
370 1032 1594 1094 devrons-nous faire à des dépenses qui sont des dettes sacrées
371 1100 1610 1162 et le plus souvent des charges improductives. Il n’y aura pas
370 1160 1629 1228 équilibre entre nos pauvres dépenses productives et nos énormes
371 1233 1592 1290 dépenses improductives. Et alors nous ne pourrons plus faire
370 1294 1465 1354 face à la concurrence des autres peuples moins chargés.
703 1365 1627 1420 Par exemple, M. Abrami, Sous-Secrétaire d'Etat
370 1433 1533 1490 à la Guerre, d’accord avec le rapporteur de la loi sur les
370 1499 1471 1550 pensions, M. Chéron, vient de nous parler, €e€au Sénat, du
371 1569 1601 1620 chapitre des pensions que vous connaissez bien aux Etats-Unis.
371 1625 1610 1686 Chez vous, ces pensions, déjà si considérables avant la guerre,
370 1697 1570 1759 trouvaient leur place, malgré tout, dans l’ensemble de votre
371 1764 527 1825 budget.
699 1823 1489 1891 En France, sur une population totale de
