1745 2197
902 119 1034 170 - 17 -
406 248 1528 313 représentants, même amis, des nations neutres. C'est en
406 307 1616 382 outre une question de bienséance: les neutres, en venant ici,
406 380 1569 448 seraient infailliblement gênés par ce fait que tout repré-
408 459 1571 521 sentant d'une nation neutre est un trait-d'union entre les
402 519 1607 584 belligérants. Nous avons tous ici tro££ de loyauté pour vou-
408 585 1474 644 loir mettre des amis neutres dans une situation aussi
406 655 1550 708 délicate ; s'ils ne disaient rien, leur silence serait em-
408 726 1514 776 barrassant pour eux, et nous nous sentirions nous-mêmes
406 785 1530 845 gênés devant telle ou telle suggestion qu'ils pourraient
408 854 646 922 nous faire.
699 906 1552 975 Donc, à part l’exception qui s’imposait en
408 977 1593 1041 faveur de M. Nippold, nous émettons comme principe que nous
408 1047 1532 1120 n'inviterons aucun neutre à nos délibérations jusqu'à la
410 1113 845 1177 signature de la paix.
1038 1202 1508 1281 (approbation générale ).
699 1309 1571 1382 L'assemblée aborde l'ART. I de son ordre du
408 1380 531 1444 jour:
726 1473 1395 1532 " PROGRAMME D'ACTION POUR 1919."
408 1569 1594 1649 M. le PRÉSIDENT.- En raison de la reprise de notre acti-
411 1645 1512 1702 vité, de l'élargissement de notre champ d'action, notre
411 1711 1591 1777 budget pour le nouvel exercice ne peut plus être établi sur
411 1783 1353 1850 les mêmes bases que celui des années de guerre.
703 1861 1622 1935 Avant la Guerre, le budget du Bureau Européen,
