1731 2197
794 106 892 155 - 2 -
375 190 1582 272 pourtant où ce peuple, apprenant qu’il a été trompé, pourra,
379 261 1571 336 comme l'a fait le peuple Français après Sedan, répudier son
379 329 1591 400 Gouvernement. En attendant, les armées allemandes s’arrêtent
379 393 1593 472 dans leur retraite pour former un bloc nouveau de résistance
379 466 1611 534 mais à quoi bon ? Ce bloc s'épuisera comme le reste et finira
381 529 1628 607 comme le reste de l’armée allemande, par être obligé de rétro-
382 598 1578 675 grader et de retraverser en désordre le pays qu’il a désolé
384 662 1626 743 et dont les ruines se dresseront pour l’écraser à son passage.
582 734 1558 800 En attendant, les armées anglaises continuent de
382 800 1531 865 débarquer dans nos ports et d’aller rejoindre, par Rouen,
384 865 1617 941 par Nantes, par le Mans, les armées françaises renouvelées et
384 931 1556 1003 pleines d’entrain. Instruites par leurs chevaleresques im
384 995 1577 1069 prudences du début, nos troupes ne vont plus s’exposer à la
386 1063 1677 1136 légère. Incroyable effet de l'éducation générale d’un pays ; tout
388 1142 1621 1206 le monde comprend aujourd'hui en France que ce mot victoire a
388 1206 1659 1268 changé de sens, et que, dans ces combats qui se poursuivent en-
391 1266 1670 1336 tre des millions d’hommes sur des centaines de kilomètres de
391 1329 1604 1404 front pendant des jours et des semaines, les actions d!éclat
390 1393 1619 1464 ne suffisent pas, il faut durer. Tout le monde comprend qu'il
388 1470 1621 1539 nous est plus facile, à nous, de durer chez nous qu’à l’enva-
390 1532 1641 1609 hisseur ; plus facile de nous ravitailler avec les trois quarts
391 1605 1586 1673 du pays fertile derri ère nous qu’aux Allemands dans un pays
391 1671 1602 1735 déserté privé de communications ; tout le monde comprend, en
390 1730 1573 1803 un mot, que l’envahisseur est plus embarrassé que l’envahi,
391 1801 1584 1871 plus fatigué, plus exposé, plus épuisé ; et dès lors tout le
393 1863 1602 1935 monde prend all ègrement patience. La vraie victoire est tou-
395 1929 1621 2004 jours pour nous sans doute une question d’héroïsme et d'orga-
