<?xml version="1.0" encoding="UTF-8"  standalone="yes"?>
<PcGts xmlns="http://schema.primaresearch.org/PAGE/gts/pagecontent/2019-07-15" xmlns:xsi="http://www.w3.org/2001/XMLSchema-instance" xsi:schemaLocation="http://schema.primaresearch.org/PAGE/gts/pagecontent/2019-07-15 http://schema.primaresearch.org/PAGE/gts/pagecontent/2019-07-15/pagecontent.xsd">
  <Metadata>
	<Creator>escriptorium</Creator>
	<Created>2022-07-21T12:02:32.971413+00:00</Created>
        <LastChange>2022-07-21T12:02:32.971434+00:00</LastChange>

  </Metadata>
  <Page imageFilename="FRAD072_12J386_lettre0497_001.jpg" imageWidth="1747" imageHeight="2197">

    

    
    <TextRegion id="eSc_dummyblock_">
    
    
      <TextLine id="eSc_line_e529a958" >
        <Coords points="868,175 868,208 1164,214 1166,172 1162,144 1054,137 1052,137 1019,140 968,148 935,139 932,139 930,139 928,139 926,139 924,139 897,148 866,139 868,175"/>
        <Baseline points="868,175 1166,172"/>
        <TextEquiv>
          <Unicode>LETTRE N° 497.</Unicode>
        </TextEquiv>
      </TextLine>

    
    
      <TextLine id="eSc_line_67daea7a" >
        <Coords points="175,272 179,313 232,296 267,307 269,307 271,307 272,307 274,307 274,305 289,292 331,303 336,303 338,303 399,298 397,258 393,227 249,227 247,227 172,239 175,272"/>
        <Baseline points="177,273 399,259"/>
        <TextEquiv>
          <Unicode>SÉNAT</Unicode>
        </TextEquiv>
      </TextLine>

    
    
      <TextLine id="eSc_line_dadf0d51" >
        <Coords points="294,212 302,227 373,217 375,217 377,217 459,159 490,159 490,157 492,157 494,157 494,155 529,120 521,104 499,64 439,102 430,98 417,95 415,95 413,95 412,95 373,113 371,113 371,115 369,115 358,135 351,144 338,144 311,144 309,144 307,144 305,144 305,146 274,173 294,212"/>
        <Baseline points="296,214 523,106"/>
        <TextEquiv>
          <Unicode>££</Unicode>
        </TextEquiv>
      </TextLine>

    
    
      <TextLine id="eSc_line_1e35bf24" >
        <Coords points="1179,307 1179,329 1571,335 1573,303 1569,269 1373,254 1371,254 1369,254 1355,261 1336,272 1274,272 1261,259 1261,258 1259,258 1258,258 1177,258 1179,307"/>
        <Baseline points="1179,307 1573,303"/>
        <TextEquiv>
          <Unicode>PARIS, 7 Mars 1919.</Unicode>
        </TextEquiv>
      </TextLine>

    
    
      <TextLine id="eSc_line_28d162d5" >
        <Coords points="694,476 694,514 1120,508 1122,508 1129,516 1129,518 1131,518 1133,518 1135,519 1228,519 1228,518 1278,507 1278,476 1278,448 694,439 694,476"/>
        <Baseline points="694,476 1278,476"/>
        <TextEquiv>
          <Unicode>PROPAGANDE ANTI-ALCOOLIQUE .</Unicode>
        </TextEquiv>
      </TextLine>

    
    
      <TextLine id="eSc_line_51be04d5" >
        <Coords points="959,638 959,660 970,668 972,668 974,668 976,668 977,668 999,659 1115,668 1117,668 1118,668 1120,668 1120,666 1126,660 1131,657 1140,660 1155,666 1157,666 1159,666 1296,664 1296,635 1292,607 957,606 959,638"/>
        <Baseline points="959,638 1296,635"/>
        <TextEquiv>
          <Unicode>Mon cher Butler,</Unicode>
        </TextEquiv>
      </TextLine>

    
    
      <TextLine id="eSc_line_d89db663" >
        <Coords points="397,867 397,900 538,889 787,897 970,900 972,900 1032,893 1073,887 1126,891 1225,898 1226,898 1351,887 1366,887 1371,887 1426,898 1428,898 1430,898 1468,887 1525,897 1527,897 1595,884 1595,864 1589,834 395,834 397,867"/>
        <Baseline points="397,867 1595,864"/>
        <TextEquiv>
          <Unicode>programme des conférence cinématographiques que la Ligue Anti-</Unicode>
        </TextEquiv>
      </TextLine>

    
    
      <TextLine id="eSc_line_80daea21" >
        <Coords points="690,803 690,822 1558,818 1560,800 1554,774 688,776 690,803"/>
        <Baseline points="690,803 1560,800"/>
        <TextEquiv>
          <Unicode>Je vous envoie ci-joint le très-intéressant</Unicode>
        </TextEquiv>
      </TextLine>

    
    
      <TextLine id="eSc_line_358b47b6" >
        <Coords points="397,933 397,961 527,961 529,961 549,970 551,970 553,970 624,963 646,961 650,963 668,972 670,972 672,972 673,972 694,963 699,961 701,963 714,974 716,974 717,974 719,974 763,964 789,974 791,974 792,974 846,964 862,963 866,964 873,972 873,974 875,974 877,974 878,975 1175,975 1175,974 1177,974 1186,968 1203,961 1417,961 1450,972 1455,974 1457,974 1459,974 1518,972 1518,933 1516,908 397,909 397,933"/>
        <Baseline points="397,933 1518,933"/>
        <TextEquiv>
          <Unicode>alcoolique Française (147, Dû. Saint-Germain ; me prie de</Unicode>
        </TextEquiv>
      </TextLine>

    
    
      <TextLine id="eSc_line_79d402dc" >
        <Coords points="399,1001 399,1021 615,1034 617,1034 772,1023 796,1038 798,1038 800,1038 802,1038 803,1038 855,1023 899,1038 900,1038 902,1039 955,1039 955,1038 957,1038 959,1038 974,1025 1014,1038 1016,1038 1018,1038 1019,1038 1058,1023 1078,1038 1080,1038 1082,1038 1084,1039 1411,1039 1411,1038 1413,1038 1415,1038 1415,1036 1432,1023 1578,1023 1578,1001 1576,974 399,977 399,1001"/>
        <Baseline points="399,1001 1578,1001"/>
        <TextEquiv>
          <Unicode>vous recommander. Il s’agit de conférences vraiment extra-</Unicode>
        </TextEquiv>
      </TextLine>

    
    
      <TextLine id="eSc_line_fd2a5942" >
        <Coords points="399,1067 399,1094 534,1091 571,1096 596,1100 598,1100 626,1096 679,1089 717,1096 734,1100 736,1100 737,1100 739,1100 743,1096 752,1089 1012,1089 1124,1098 1144,1100 1146,1100 1148,1100 1150,1100 1150,1098 1162,1089 1232,1089 1265,1100 1267,1100 1269,1100 1270,1102 1558,1102 1558,1067 1558,1043 399,1036 399,1067"/>
        <Baseline points="399,1067 1558,1067"/>
        <TextEquiv>
          <Unicode>ordinaires de l&#39;ancien ouvrier Gustave Cauvin qui, dans sa</Unicode>
        </TextEquiv>
      </TextLine>

    
    
      <TextLine id="eSc_line_4f1968c4" >
        <Coords points="395,1135 395,1168 439,1158 516,1168 525,1168 527,1168 529,1168 531,1168 558,1157 798,1157 835,1164 853,1168 855,1168 857,1168 858,1168 862,1164 875,1157 1144,1157 1155,1162 1168,1168 1170,1168 1171,1169 1252,1169 1252,1168 1254,1168 1270,1160 1280,1157 1292,1160 1320,1168 1322,1168 1323,1168 1576,1157 1576,1135 1576,1111 395,1111 395,1135"/>
        <Baseline points="395,1135 1576,1135"/>
        <TextEquiv>
          <Unicode>généreuse passion d’apôtre, malgré son manque d’instruction</Unicode>
        </TextEquiv>
      </TextLine>

    
    
      <TextLine id="eSc_line_2e816781" >
        <Coords points="397,1195 395,1222 498,1224 499,1224 501,1224 503,1224 505,1222 514,1215 523,1222 525,1224 527,1224 529,1224 531,1226 730,1226 730,1224 732,1224 734,1224 737,1221 748,1213 756,1221 761,1224 761,1226 763,1226 765,1226 767,1226 792,1221 820,1215 866,1221 904,1224 906,1224 957,1219 1005,1215 1019,1219 1041,1226 1043,1226 1045,1226 1091,1219 1113,1215 1131,1219 1179,1228 1181,1228 1182,1228 1210,1219 1380,1226 1382,1226 1424,1217 1437,1226 1439,1226 1441,1226 1443,1226 1492,1215 1494,1201 1492,1175 397,1171 397,1195"/>
        <Baseline points="397,1195 1494,1201"/>
        <TextEquiv>
          <Unicode>et de ressources, est arrivé à faire sensation dans les</Unicode>
        </TextEquiv>
      </TextLine>

    
    
      <TextLine id="eSc_line_f858f1e8" >
        <Coords points="395,1265 395,1298 483,1296 485,1296 487,1296 498,1287 602,1294 604,1294 714,1285 737,1294 739,1294 741,1294 745,1294 787,1285 824,1294 838,1296 840,1296 842,1296 851,1292 875,1285 1052,1290 1133,1292 1135,1292 1137,1292 1146,1288 1162,1283 1177,1288 1192,1294 1193,1294 1195,1294 1197,1294 1212,1288 1226,1283 1252,1288 1287,1294 1289,1294 1494,1285 1508,1285 1510,1285 1536,1294 1538,1294 1540,1294 1541,1294 1578,1283 1578,1261 1574,1239 1012,1230 1010,1230 393,1241 395,1265"/>
        <Baseline points="395,1265 1578,1261"/>
        <TextEquiv>
          <Unicode>milieux réputés les plus réfractaires, par sa propagande en</Unicode>
        </TextEquiv>
      </TextLine>

    
    
      <TextLine id="eSc_line_54227dea" >
        <Coords points="397,1329 397,1352 1589,1351 1591,1325 1585,1298 395,1303 397,1329"/>
        <Baseline points="397,1329 1591,1325"/>
        <TextEquiv>
          <Unicode>faveur des victimes de l&#39;alcool. En se servant très habile-</Unicode>
        </TextEquiv>
      </TextLine>

    
    
      <TextLine id="eSc_line_600694de" >
        <Coords points="395,1396 395,1415 1552,1417 1554,1396 1554,1374 395,1374 395,1396"/>
        <Baseline points="395,1396 1554,1396"/>
        <TextEquiv>
          <Unicode>ment du cinéma, il a fait de ses conférences de véritables</Unicode>
        </TextEquiv>
      </TextLine>

    
    
      <TextLine id="eSc_line_ec58154b" >
        <Coords points="397,1462 397,1484 1593,1484 1595,1462 1593,1440 397,1440 397,1462"/>
        <Baseline points="397,1462 1595,1462"/>
        <TextEquiv>
          <Unicode>représentations sensationnelles, ce qu’il appelle : &quot;un/grand</Unicode>
        </TextEquiv>
      </TextLine>

    
    
      <TextLine id="eSc_line_902ef64d" >
        <Coords points="395,1526 395,1548 1589,1550 1591,1526 1589,1499 395,1499 395,1526"/>
        <Baseline points="395,1526 1591,1526"/>
        <TextEquiv>
          <Unicode>drame social&quot;, qui peuvent se donner dans toutes les langues</Unicode>
        </TextEquiv>
      </TextLine>

    
    
      <TextLine id="eSc_line_4b5140e8" >
        <Coords points="395,1596 395,1629 650,1620 694,1622 781,1629 783,1629 846,1618 846,1596 846,1572 395,1572 395,1596"/>
        <Baseline points="395,1596 846,1596"/>
        <TextEquiv>
          <Unicode>et dans tous les pays.</Unicode>
        </TextEquiv>
      </TextLine>

    
    
      <TextLine id="eSc_line_7c27a4ba" >
        <Coords points="397,1730 397,1748 761,1759 763,1759 765,1759 802,1746 805,1746 965,1746 966,1746 988,1755 990,1755 992,1755 994,1755 1023,1746 1045,1757 1047,1757 1049,1757 1181,1744 1192,1744 1193,1744 1206,1755 1208,1755 1210,1755 1212,1755 1267,1744 1270,1744 1318,1744 1331,1755 1333,1755 1334,1755 1336,1755 1444,1744 1483,1755 1485,1755 1486,1755 1488,1755 1490,1755 1490,1753 1499,1744 1499,1724 1496,1702 395,1700 397,1730"/>
        <Baseline points="397,1730 1499,1724"/>
        <TextEquiv>
          <Unicode>DEBOVE, vous demande si vous ne pourriez pas l’aider en</Unicode>
        </TextEquiv>
      </TextLine>

    
    
      <TextLine id="eSc_line_89f12b00" >
        <Coords points="668,1664 668,1693 866,1695 868,1695 891,1691 928,1684 955,1689 976,1695 977,1695 979,1695 1058,1689 1139,1682 1210,1686 1287,1691 1289,1691 1340,1684 1362,1682 1369,1684 1393,1693 1395,1693 1397,1693 1591,1680 1593,1660 1585,1623 1545,1633 1307,1625 1195,1623 1193,1623 1192,1623 1182,1627 1171,1633 1150,1627 1128,1623 1126,1623 1091,1629 1051,1634 1016,1629 987,1625 985,1625 961,1631 939,1634 666,1634 668,1664"/>
        <Baseline points="668,1664 1593,1660"/>
        <TextEquiv>
          <Unicode>La Ligue Française, présidée par le Professeur</Unicode>
        </TextEquiv>
      </TextLine>

    
    
      <TextLine id="eSc_line_a934b6fa" >
        <Coords points="395,1796 395,1816 1532,1810 1534,1790 1529,1768 393,1772 395,1796"/>
        <Baseline points="395,1796 1534,1790"/>
        <TextEquiv>
          <Unicode>invitant Gustave Cauvin à venir donner aux Etats-Unis ses</Unicode>
        </TextEquiv>
      </TextLine>

    
    
      <TextLine id="eSc_line_852658fe" >
        <Coords points="395,1861 395,1883 426,1896 428,1896 430,1898 503,1898 503,1896 505,1896 507,1896 525,1885 527,1885 602,1885 604,1885 618,1896 620,1896 622,1896 624,1898 770,1898 770,1896 772,1896 802,1885 805,1885 813,1885 862,1894 864,1894 866,1894 884,1887 891,1883 913,1887 965,1894 966,1894 968,1894 998,1887 1014,1883 1029,1887 1051,1894 1052,1894 1054,1894 1056,1894 1074,1887 1087,1883 1532,1889 1534,1856 1529,1829 393,1836 395,1861"/>
        <Baseline points="395,1861 1534,1856"/>
        <TextEquiv>
          <Unicode>conférences, qui n’auraient pour ainsi dire pas besoin de</Unicode>
        </TextEquiv>
      </TextLine>

    
    
      <TextLine id="eSc_line_07b67efe" >
        <Coords points="190,2059 190,2088 1115,2081 1117,2054 1113,2026 871,2017 869,2017 868,2017 847,2026 820,2017 818,2017 816,2017 525,2030 487,2030 457,2030 214,2021 212,2021 210,2021 188,2028 190,2059"/>
        <Baseline points="190,2059 1117,2054"/>
        <TextEquiv>
          <Unicode>à Monsieur le Président Nicholas Murray BUTLER.</Unicode>
        </TextEquiv>
      </TextLine>

    
    </TextRegion>
    
  </Page>
</PcGts>
