1741 2197
760 133 1284 195 Clermont-Créans (Sarthe)
958 205 1222 261 17 Août 1914
590 455 938 541 Mon cher Butler,
373 701 1603 763 nique la lettre ci-jointe de Lord Weardale. Cet accord abso-
575 624 1546 699 Pour compléter ma lettre d'hier, je vous commu-
377 763 1301 834 lu de toute nos amis est bien impressionnant.
379 902 1603 979 son Gouvernement, c’est le système prussien qui est condamné
575 836 1585 902 Aux yeux de tous, ce n'est pas l’Allemagne, c’est
377 975 1477 1036 et qu’il faut remplacer par un régime de paix durable.
734 1034 1202 1103 Affectueusement à vous
934 1136 1486 1212 D'ESTOURNELLES DE CONSTANT
311 1363 1262 1451 à Monsieur le Président Nicholas Murray BUTLER
