1761 2197
925 126 1055 195 - 27 -
329 263 1689 338 pantalon rouge, comme avant la guerre, comme sous le Premier Empire
329 335 1612 391 c’est charmant et c’est désolant ; c'est toujours à recommencer;
329 400 1614 459 c'est un nid de militarisme et de tout ce que je combats. Raison
331 472 1605 532 de plus pour m’obstiner dans ma tâche. J'en ai été, cette fois
333 534 566 606 récompensé.
661 593 1634 660 Mon Comice, dont on prédisait l'échec, a parfai-
331 664 1634 725 tement réussi ; la journée, plus bele que celle du Dimanche pré-
331 730 1574 794 cédent, s'est passée admirablement. On n’avait jamais tant vu
335 798 1533 860 de monde dans les rues, sur les places. Les visages étaient
333 864 1350 933 souraients. La fête a duré très tard dans la nuit.
388 847 520 895 ££
667 933 1658 986 Je rentre à Paris maintenant, la conscience tran-
337 995 1652 1065 quille. J'ai rattrapé le temps que j'avais consacré à mes voyages
333 1065 1616 1127 aux Etats-Unis et en Angleterre. J'ai dû renoncer à me rendre à
335 1131 1596 1191 Genève où m’appelait avec insistance l'Union Interparlementaire
333 1193 1478 1257 et nous avons ajourné la réunion des Associations pour la
335 1263 1627 1325 société des Nations qui devait se tenir à Bruxelles. Maintenant,
331 1329 1610 1384 une fois réinstallé à Paris, aussitôt le traité de paix ratifié,
333 1391 1676 1457 pour ce qu'il vaut, et la période des élections ouvertes, je pourrai
331 1462 1559 1519 me diriger dans la Sarthe et faire face aux difficultés d'une
333 1521 1599 1589 situation compliquée, sans doute, et même très ingrate, mais où
337 1594 1654 1656 je vois clair. C'est le principal.- Voilà mon voyage fini.- Vous
333 1655 1121 1726 en avez la primeur,pour vous tout seul.
989 1722 1574 1781 Votre affectueusement dévoué
1015 1790 1500 1863 ££
234 1874 606 1955 13 Octobre.- P.S.-
350 1926 1537 1986 le 7 Octobre, j'ai commencé par prendre part, au Sénat, à la
681 1880 1614 1940 J'ajoute en post-scriptum ceci: rentré à Paris
