<?xml version="1.0" encoding="UTF-8"  standalone="yes"?>
<PcGts xmlns="http://schema.primaresearch.org/PAGE/gts/pagecontent/2019-07-15" xmlns:xsi="http://www.w3.org/2001/XMLSchema-instance" xsi:schemaLocation="http://schema.primaresearch.org/PAGE/gts/pagecontent/2019-07-15 http://schema.primaresearch.org/PAGE/gts/pagecontent/2019-07-15/pagecontent.xsd">
  <Metadata>
	<Creator>escriptorium</Creator>
	<Created>2022-07-21T12:02:32.471371+00:00</Created>
        <LastChange>2022-07-21T12:02:32.471397+00:00</LastChange>

  </Metadata>
  <Page imageFilename="FRAD072_12J381_lettre0009_002.jpg" imageWidth="1721" imageHeight="2197">

    

    
    <TextRegion id="eSc_dummyblock_">
    
    
      <TextLine id="eSc_line_b303beed" >
        <Coords points="216,186 216,212 411,203 411,183 406,153 214,157 216,186"/>
        <Baseline points="216,186 411,183"/>
        <TextEquiv>
          <Unicode>SENAT</Unicode>
        </TextEquiv>
      </TextLine>

    
    
      <TextLine id="eSc_line_1fe5835c" >
        <Coords points="844,183 844,216 974,206 1006,214 1014,216 1016,216 1017,216 1030,214 1069,206 1122,212 1153,216 1155,216 1398,208 1495,206 1499,206 1510,216 1512,216 1514,216 1515,216 1627,205 1627,183 1627,159 1569,146 1490,146 1488,146 1486,146 1464,157 1393,146 1391,146 1389,146 1387,146 1387,148 1376,159 1342,159 1329,146 1327,146 1325,146 1323,146 1265,159 1114,159 1076,146 1074,146 1072,146 1003,157 984,146 983,146 981,146 898,146 897,146 844,157 844,183"/>
        <Baseline points="844,183 1627,183"/>
        <TextEquiv>
          <Unicode>Clermont Créans (Sarthe) le 13 Novembre</Unicode>
        </TextEquiv>
      </TextLine>

    
    
      <TextLine id="eSc_line_e1655fce" >
        <Coords points="1534,217 1532,241 1620,248 1623,221 1622,194 1534,190 1534,217"/>
        <Baseline points="1534,217 1623,221"/>
        <TextEquiv>
          <Unicode>1914</Unicode>
        </TextEquiv>
      </TextLine>

    
    
      <TextLine id="eSc_line_4f1d0aa7" >
        <Coords points="743,378 743,400 823,400 823,378 822,342 743,349 743,378"/>
        <Baseline points="743,378 823,378"/>
        <TextEquiv>
          <Unicode>N° 9</Unicode>
        </TextEquiv>
      </TextLine>

    
    
      <TextLine id="eSc_line_bf12e386" >
        <Coords points="565,479 565,499 875,507 876,507 878,507 897,496 897,476 891,443 563,446 565,479"/>
        <Baseline points="565,479 897,476"/>
        <TextEquiv>
          <Unicode>Mon cher Butler,</Unicode>
        </TextEquiv>
      </TextLine>

    
    
      <TextLine id="eSc_line_2ef8ba98" >
        <Coords points="303,580 303,598 1561,600 1563,580 1563,551 1495,538 1493,538 1398,549 1285,540 1283,540 1151,549 1149,549 1147,549 1067,538 959,538 957,538 955,538 920,549 920,551 512,551 508,549 466,538 465,538 324,538 322,538 320,538 303,545 303,580"/>
        <Baseline points="303,580 1563,580"/>
        <TextEquiv>
          <Unicode>Les journaux français, si absorbés qu’ils soient par la guerre</Unicode>
        </TextEquiv>
      </TextLine>

    
    
      <TextLine id="eSc_line_218685e4" >
        <Coords points="208,644 208,673 1545,673 1545,644 1543,611 523,618 519,616 499,609 497,609 496,609 452,618 446,618 441,618 406,609 404,609 402,609 400,609 399,609 384,618 382,620 208,620 208,644"/>
        <Baseline points="208,644 1545,644"/>
        <TextEquiv>
          <Unicode>nous apportent cependant les résultats de vos élections générales à</Unicode>
        </TextEquiv>
      </TextLine>

    
    
      <TextLine id="eSc_line_f1aa38d9" >
        <Coords points="210,706 210,732 1548,730 1550,712 1548,677 210,677 210,706"/>
        <Baseline points="210,706 1550,712"/>
        <TextEquiv>
          <Unicode>la Chambre des représentants de l&#39;Union et, pour une part, au Sénat</Unicode>
        </TextEquiv>
      </TextLine>

    
    
      <TextLine id="eSc_line_12c05b9a" >
        <Coords points="210,768 208,789 228,800 230,800 232,800 485,792 551,801 552,801 1213,794 1228,794 1230,794 1288,805 1290,805 1567,794 1569,776 1569,745 210,743 210,768"/>
        <Baseline points="210,768 1569,776"/>
        <TextEquiv>
          <Unicode>fédéral ainsi qu&#39;à diverses fonctions électives des Etats-Unis. Vous</Unicode>
        </TextEquiv>
      </TextLine>

    
    
      <TextLine id="eSc_line_7c357c0f" >
        <Coords points="208,836 206,856 221,865 223,865 225,865 227,865 1620,862 1622,844 1622,818 208,803 208,836"/>
        <Baseline points="208,836 1622,844"/>
        <TextEquiv>
          <Unicode>m’aviez envoyé d’ailleurs, comme spécimen, un bulletin de vote, vérita-</Unicode>
        </TextEquiv>
      </TextLine>

    
    
      <TextLine id="eSc_line_eb0f6a9a" >
        <Coords points="210,902 208,922 1563,928 1567,908 1565,882 210,875 210,902"/>
        <Baseline points="210,902 1567,908"/>
        <TextEquiv>
          <Unicode>ble casse-tête où il faut vraiement que les électeurs soient fort é-</Unicode>
        </TextEquiv>
      </TextLine>

    
    
      <TextLine id="eSc_line_acbc454b" >
        <Coords points="208,970 206,990 1594,999 1598,974 1596,948 208,937 208,970"/>
        <Baseline points="208,970 1598,974"/>
        <TextEquiv>
          <Unicode>clairés et patients pour se reconnaître. Nous avons renoncé chez nous,</Unicode>
        </TextEquiv>
      </TextLine>

    
    
      <TextLine id="eSc_line_748b12ea" >
        <Coords points="208,1036 206,1052 1583,1058 1587,1041 1583,1008 208,1008 208,1036"/>
        <Baseline points="208,1036 1587,1041"/>
        <TextEquiv>
          <Unicode>avec raison, au système des élections différentes simultanées ; il y a</Unicode>
        </TextEquiv>
      </TextLine>

    
    
      <TextLine id="eSc_line_9318db70" >
        <Coords points="208,1100 208,1125 1622,1125 1623,1105 1622,1072 208,1072 208,1100"/>
        <Baseline points="208,1100 1623,1105"/>
        <TextEquiv>
          <Unicode>quelques années encore les électeurs en France avaient à nommer en même</Unicode>
        </TextEquiv>
      </TextLine>

    
    
      <TextLine id="eSc_line_136b7622" >
        <Coords points="210,1166 208,1188 1634,1191 1638,1173 1638,1144 571,1144 527,1131 523,1131 521,1131 519,1131 494,1131 272,1140 210,1129 210,1166"/>
        <Baseline points="210,1166 1638,1173"/>
        <TextEquiv>
          <Unicode>temps leurs représentants au conseil Général et au Conseil d&#39;Arrondisse-</Unicode>
        </TextEquiv>
      </TextLine>

    
    
      <TextLine id="eSc_line_5d5c3d0e" >
        <Coords points="205,1232 203,1252 1655,1259 1658,1239 1656,1206 205,1199 205,1232"/>
        <Baseline points="205,1232 1658,1239"/>
        <TextEquiv>
          <Unicode>ment. Il s&#39;en est suivi de telles confusions qu&#39;on a fini par séparer les</Unicode>
        </TextEquiv>
      </TextLine>

    
    
      <TextLine id="eSc_line_5108326f" >
        <Coords points="208,1298 206,1318 221,1327 223,1327 225,1327 227,1327 1563,1320 1565,1301 1561,1268 269,1272 208,1263 208,1298"/>
        <Baseline points="208,1298 1565,1301"/>
        <TextEquiv>
          <Unicode>deux élections complétement ; c’est l’une ou l’autre, jamais l&#39;une et</Unicode>
        </TextEquiv>
      </TextLine>

    
    
      <TextLine id="eSc_line_004e273a" >
        <Coords points="208,1365 208,1391 1600,1384 1600,1365 1600,1342 208,1338 208,1365"/>
        <Baseline points="208,1365 1600,1365"/>
        <TextEquiv>
          <Unicode>l&#39;autre. Votre système, avec des législatures très courtes, a l&#39;avan-</Unicode>
        </TextEquiv>
      </TextLine>

    
    
      <TextLine id="eSc_line_e00df056" >
        <Coords points="206,1429 205,1448 1569,1459 1572,1433 1570,1406 206,1402 206,1429"/>
        <Baseline points="206,1429 1572,1433"/>
        <TextEquiv>
          <Unicode>tage de vous éviter des élections trop fréquentes, mais, en revanche,</Unicode>
        </TextEquiv>
      </TextLine>

    
    
      <TextLine id="eSc_line_c5b6b255" >
        <Coords points="206,1493 205,1515 1539,1521 1543,1501 1541,1475 206,1466 206,1493"/>
        <Baseline points="206,1493 1543,1501"/>
        <TextEquiv>
          <Unicode>il est bien compliqué, inextricable. Que serait-ce si vous aviez la</Unicode>
        </TextEquiv>
      </TextLine>

    
    
      <TextLine id="eSc_line_af3dafe6" >
        <Coords points="206,1559 205,1581 1567,1589 1570,1563 1569,1537 206,1532 206,1559"/>
        <Baseline points="206,1559 1570,1563"/>
        <TextEquiv>
          <Unicode>représentation proportionnelle ! ! Enfin, voilà qui, pour l&#39;instant,</Unicode>
        </TextEquiv>
      </TextLine>

    
    
      <TextLine id="eSc_line_c3034281" >
        <Coords points="205,1627 205,1655 743,1651 743,1622 739,1596 203,1594 205,1627"/>
        <Baseline points="205,1627 743,1622"/>
        <TextEquiv>
          <Unicode>est insignifiant en Europe.</Unicode>
        </TextEquiv>
      </TextLine>

    
    
      <TextLine id="eSc_line_075b20d9" >
        <Coords points="303,1689 302,1709 309,1717 309,1719 311,1719 313,1719 314,1719 1532,1711 1534,1693 1532,1664 303,1656 303,1689"/>
        <Baseline points="303,1689 1534,1693"/>
        <TextEquiv>
          <Unicode>Ce qui m’intéresse c’est le résultat général de vos élections.</Unicode>
        </TextEquiv>
      </TextLine>

    
    
      <TextLine id="eSc_line_3fa372d3" >
        <Coords points="205,1750 203,1772 1629,1781 1633,1759 1633,1728 205,1722 205,1750"/>
        <Baseline points="205,1750 1633,1759"/>
        <TextEquiv>
          <Unicode>Votre lettre et vos cuttings confirme££ enti èrement ce que nous ont appris</Unicode>
        </TextEquiv>
      </TextLine>

    
    
      <TextLine id="eSc_line_3b95e259" >
        <Coords points="205,1816 203,1843 1592,1852 1596,1823 1592,1788 205,1788 205,1816"/>
        <Baseline points="205,1816 1596,1823"/>
        <TextEquiv>
          <Unicode>les journaux, les démocrates ont perdu la grande avance qu&#39;ils avaient</Unicode>
        </TextEquiv>
      </TextLine>

    
    
      <TextLine id="eSc_line_d658c585" >
        <Coords points="203,1883 203,1913 1554,1907 1556,1887 1554,1860 203,1860 203,1883"/>
        <Baseline points="203,1883 1556,1887"/>
        <TextEquiv>
          <Unicode>conquise. J&#39;entends expliquer ce revirement par plusieurs causes ; 1°</Unicode>
        </TextEquiv>
      </TextLine>

    
    
      <TextLine id="eSc_line_cef53c1a" >
        <Coords points="201,1986 201,2008 230,2019 232,2019 234,2019 291,2010 302,2008 324,2010 452,2019 454,2021 512,2021 512,2019 514,2019 516,2019 527,2010 530,2008 543,2010 593,2019 595,2019 631,2010 651,2006 1083,2012 1087,1982 1083,1957 199,1953 201,1986"/>
        <Baseline points="201,1986 1087,1982"/>
        <TextEquiv>
          <Unicode>Monsieur le Président Nicholas Murray BUTLER</Unicode>
        </TextEquiv>
      </TextLine>

    
    
      <TextLine id="eSc_line_458227bd" >
        <Coords points="476,2048 476,2077 560,2090 562,2090 648,2081 648,2048 646,2015 476,2017 476,2048"/>
        <Baseline points="476,2048 648,2048"/>
        <TextEquiv>
          <Unicode>NEW-YORK</Unicode>
        </TextEquiv>
      </TextLine>

    
    </TextRegion>
    
  </Page>
</PcGts>
