1770 2197
897 140 1018 219 - 25 -
337 285 1625 360 je fais mon entrée à St-Calais où m’attend un foyer ami et où je
335 364 1645 419 passe la nuit. De St-Calais, me voilà le lendemain, par un temps
335 432 1634 490 splendide. à Bessé-s/Braye, puis à Ruillé, suivant, à ma gauche,
337 492 1683 556 la rivière le Loir, et de l'autre les côteaux boisés ou plantés des
340 558 1546 627 vignes cont je vous parlais tout à l'heure. Cette partie du
338 633 1623 684 pays est favorisée entre toutes et c’est d'elle qu'on parle dans
338 697 1621 761 les guides quand on vante les charmes des bords du Loir. A vrai
335 767 1586 822 dire, le Loir est incomparable depuis Vendôme jusqu'à Créans et
337 831 1647 893 jusqu’à Angers et jusqu’à la Maine. De Ruillé s/Loir, puis de La
337 887 1603 955 Chartre/s/Loir, j’arrive déjeuner à Chataine, déjà nommée., où
335 963 1564 1021 je trouve la confirmation de ce que j'ai toujours pensé. Les
337 1023 1584 1089 sceptiques disent ; "il n'y a pas d’homme indispensable", comme
337 1091 1584 1151 on dit aussi : "rien ne sert à rien", ou "aucun but n’est digne
335 1158 1599 1222 d'aucun effort". Ce sont des mots. Un homme de bien, un homme
333 1226 1584 1285 actif peut faire la fortune, la joie d'un pays. Et tel est le
335 1288 1623 1347 cas du maire de Chataigne, vieil instituteur retraité -connais-
335 1356 1682 1413 seur en vins, lui aussi, et en bonne chère - qui fut de tout temps
335 1422 1603 1490 mon ami et dont on trouve partout, autour de lui, les traces de
335 1486 1601 1556 sa/bienfaisante initiative, et de son éducation prodiguée à plus
333 1556 1654 1620 de quarante générations. Des hommes comme celui-là ont contribué
337 1633 1586 1686 dans leur sphère, à ma formation autant que d’autres plus con-
338 1688 1583 1755 sidérables, dans de grands pays étrangers, en Angleterre et en
335 1752 1665 1823 Amérique ; je leur dois de la reconnaissance ; mon voyage chez eux
333 1818 1377 1885 est un pélérinage de gratitude autant qu’une visite.
652 1889 1621 1962 Mais il faut finir, le jour baisse ; on m’attend
