1738 2197
761 95 910 157 - 2 -
304 188 1635 265 Mais cette occupation ne se prolongera pas au delà d'une semaine ou
305 254 1657 327 deux, et nous ferons tout pour l'abréger autant que possible. D'ail-
305 322 1653 393 leurs j'ai pu m'assurer par moi-même que chaque service- celui de l'
305 399 1642 461 Association et celui du Centre Européen - est situé dans des pièces
307 459 1683 527 distinctes et que les deux personnels, dont le bon accord est parfait,
307 527 1205 593 font leur besogne sans se gêner mutuellement.
624 593 1642 657 Ceci m'amène à vous demander, mon cher Président si
302 653 1642 715 vous pourriez assister à la prochaine réunion du Comité exécutif de
304 725 1675 790 notre Association, que nous placerions à une date pouvant vous conve-
302 787 1265 856 nir et qui aurait à régler la question suivante:
304 920 1692 990 à notre disposition n'ira pas sans des dépenses de premier aménagement
620 854 1679 924 L'occupation du local que vous avez bien voulu mettre
307 990 1607 1049 Même en les réduisant au minimum, il faut bien prévoir de ce chef
300 1050 873 1120 une dépense de 2.000 francs.
620 1105 1677 1177 Pour le téléphone, (car il est nécessaire, pour qu'il
307 1186 1673 1248 n'y ait pas empiètement, que le Bureau de l'Association Française ait
305 1252 1688 1320 sa ligne à lui ) il faudra acquérir l'appareil téléphonique et le fair
307 1321 1683 1380 poser, dépense qu'on peut évaluer à ........................ 200 frs.
619 1384 1692 1455 L'éclairage électrique, même aussi simplifié que possi
305 1461 1686 1523 ble, reviendra à un millier de francs ..................... 10000 frs.
617 1514 1562 1578 Le chauffage central étant très insuffisant, il
304 1583 1543 1644 y aura lieu de prévoir des moyens de chauffage supplémentaires
305 1651 1683 1711 par le gaz, soit une dépense approximative de ............. 300 frs.
619 1713 1543 1779 Enfin le lessivage des peintures, le remplace-
302 1777 1554 1845 ment du papier à certaines places, le blanchiment des plafonds,
304 1847 1684 1918 etc..., coûtera probablement ............................ 500 frs.
1302 1953 1686 2026 TOTAL :. 2.000 frs.
