1735 2197
720 97 840 142 - 2 -
316 140 1522 225 guère à Berlin ; à la veille de la guerre la moitié de notre
318 208 1560 291 parti socialiste préconisait la grève générale : Jaurès dénon-
324 278 1544 357 cé systématiquement par la réaction comme un traitre vendu à
324 344 1485 422 l'Allemagne, était assassiné soi-disant par un fou, Paris
322 415 1586 490 devait se soulever ; il a suffi de l’agression austro-allemande
324 479 1586 560 pour réconcilier, sur la tombe même de Jaurès, tous les frères
326 558 1586 629 ennemis et pour en faire un bloc unique, insoluble, des défen-
326 613 1588 692 seurs de la paix et du droit. Cela fait, l'Etat Major, attaqué
326 679 1617 761 la veille par une bonne partie de la chambre, par les Augagneur,
326 756 1588 818 les Godart et tous les adversaires de la loi de trois ans, n’a
327 814 1604 895 plus connu un seul détracteur ; il a débuté par des succés ines-
326 876 1672 957 pérés en Alsace, puis sont devenus les revers, l’entrée des armées
329 953 1549 1023 Allemandes en France, leurs progrès rapides, leur marche sur
329 1025 1623 1091 Paris... l'arrivée des trains de blessés, des trains de réfugiés,
333 1093 1553 1158 et encore des blessés, toujours des blessés........... ainsi
333 1151 1555 1224 les jours et les jours se sont succédés sans nouvelles, dans
335 1219 1573 1287 la tritesse, mais dans l’union quand même, dans la discipline
335 1299 1146 1367 absolument librement consentie par tous.
534 1351 1630 1426 A Créans tous les hommes sont partis, ma ferme est vi-
335 1422 1615 1495 de, et, comme je vous l’ai dit, le travail se fait tout de même
335 1486 1617 1558 on trouve le moyen de nourrir, en plus des blessés, les Anglais
337 1556 1637 1627 de plus en plus nombreux, les Belges, les prisonniers ; au moulin
338 1623 1636 1699 la meunière a ses quatre fils à l’armée, plus un gendre ; je vais
338 1695 1615 1764 la voir ; pas une larme, elle regarde droit devant elle, toute à
340 1755 1579 1825 son ouvrage, et se borne à dire: "il le faut" Et elle continue
338 1825 1601 1893 sa tâche comme la veille, comme toujours, avec plus d’activité
340 1891 1637 1960 seulement et de sérieux qu’auparavant, afin de faire double tra-
340 1957 1603 2023 vail. Et cependant, malgré l’absence de nouvelles, on commence
340 2021 375 2083 à
