1768 2197
866 146 1005 214 - 10 -
335 281 1619 349 qu’elles ne cessent de vivifier nos prés toujours verts, nos pâ-
337 353 1540 410 turages toujours fréquentés, et que le Loir n’a pas cessé un
337 417 1656 477 seul instant de couler chez nous à pleins bords, sans même baisser
333 488 1656 549 d’un centimètre. Tout est varié dans ce pays, et (cependant) chaque
335 552 1632 609 variété se conserve, se perpétue, comme le ciel, comme le climat,
333 622 1634 681 comme les produits de notre sol. Sorti des bois et des herbages,
337 682 1656 750 j'oublie la guerre en découvrant, autour des fermes, des champs de
338 752 1621 811 blé, de seigle, d’avoine, d’orge, entrecoupés de haies, plantées
333 818 1648 876 d’arbres tantôt forestiers, tantôt fruitiers, des chênes superbes
333 887 1619 941 des chataigniers surtout, que l’industrie des tanneurs guette et
335 955 1617 1012 décime malheureusement ; partout les pommiers, les poiriers, non
337 1012 1619 1076 pas superbes comme en Picardie, ces magnifiques poiriers que les
337 1087 1573 1142 Allemand ont XXXX sciés par le pied, mais couverts de fruits,
337 1142 1630 1210 comme les noyers ; ces fruits indéfinissables et toujours variés,
337 1208 1593 1274 comme la vigne, chacun se distinguant du voisin par une saveur,
340 1274 1658 1345 un goût de terroir particuliers ! Et je ne parle pas des champs de
337 1340 1641 1407 maïs, si minimes comparés à ceux des Etats-Unis, et des citrouil-
340 1418 1658 1471 les et des potirons et des courges, et des choux dont le Moyen-Age
337 1471 1601 1541 a si bien compris la beauté, et des betteraves et des navets et
338 1541 1540 1603 des pommes de terre, et des champignons qui sont devenus une
338 1612 1621 1667 fortune por certaines régions, - et des abeilles malheureusement
337 1671 1680 1744 presque abandonnées mais qu'on essaie de réacclimater, et du gibier!;
337 1744 1526 1801 Les cerfs, les chevreuils habitent encore ce qui reste de la
335 1807 1637 1871 grande forêt et font les frais des grandes chasses des châtelains
337 1876 1593 1937 du Lude, de Juigné et de Bonnétable, les seigneurs d’autrefois,
337 1940 1542 1997 qui n’avaient qu’à se laisser vivre et aimer pour rester les
335 2004 1570 2070 maîtres du pays, s’ils avaient consenti seulement à l'habiter,
