1745 2197
948 129 1089 181 - 19 -
415 248 1560 309 l'attention de M. le Président Butler sur la nécessité de
417 320 1576 377 fonder un journal, -interallié d'abord, international plus
419 386 1598 441 tard,- de la société des Nations, conformément aux proposi-
417 455 1561 510 tions étudiées par notre commission de la Presse, dans la
417 523 1616 580 séance qu’elle a tenue à notre Bureau, avant la guerre. J'ai
419 585 1598 648 insisté sur le fait que cette fondation, déjà indispensable
415 649 1556 714 avant la guerre, devient chaque jour plus urgente et plus
415 723 1598 781 digne de la considération de M.M. les Trustees. De plus en
415 783 1576 853 plus, j'ai la conviction que c’est par ce moyen, et par ce
415 853 1622 911 moyen seul, que nous arriverons à toucher l'opinion publique.
415 922 1657 977 Il s'agirait d'un journal très bien fait, capable d’intéresser
415 981 1574 1050 tous les publics et conçu dans l'esprit d'indépendance qui
413 1056 1646 1116 a, par exemple, si bien réussi au "Christian Science Monitor".
706 1120 1613 1179 Nous nous devons à nous-mêmes de ne plus nous
413 1188 1593 1244 intéresser à de vagues tentatives. Pour empêcher le renou-
411 1243 1593 1309 vellement de ces quatre années d'horreur, il ne s'agit plus
410 1314 1593 1373 de recourir à des demi - moyens ; il faut avoir le courage de
408 1384 1609 1439 comprendre qu'un immense effort, seul, peut nous sauver ; cet
410 1442 1550 1512 effort se traduirait par une dépense de quelques millions
408 1521 1505 1576 de francs, mais le résultat visé en vaut bien la peine.
701 1585 1521 1642 Notre journal devrait être, bien entendu,
411 1649 1490 1711 quotidien ; je suis persuadé qu’un quotidien seul, bien
406 1709 1589 1777 rédigé, ne serait-ce que par les victimes sans nombre de la
404 1783 1589 1847 guerre, toucherait l’opinion publique infiniment plus qu’un
