1735 2197
809 166 949 234 - 2 -
351 281 1621 360 vilipendé, menacé, boycotté quand il XXXX n’est pas assassiné.
349 360 1581 419 En attendant, et pour l’habituer sans doute à son sort futur,
353 432 1564 487 il commence par servir de cible aux jaloux et aux imbéciles.
355 499 1621 558 Suivre le courant établi, tel est le moyen de vivre tranquille.
353 633 1650 692 ardents à s’entre-combattre : XXXX chacun d’eux est la cible pour
507 565 1568 620 Les novateurs qui devraient s’entendre sont les plus
355 692 1548 759 l'autre. La France serait trop grande si chacun de ses bons
355 768 1678 823 citoyens voulait coopérer avec les autres. Une émulation créatrice
353 827 1590 889 se substituerait à nos rivalités destructives. Ce serait trop
355 886 1685 964 beau! Contentons-nous de ce que nous sommes et continuons de jouer
353 968 650 1027 la difficulté.
512 1019 1582 1089 XX C'est ainsi qu’en Seine-et-Marne les deux listes,
357 1091 1511 1158 celle de Tardieu, (de concentration à droite ) et celle de
357 1160 1571 1228 Francklin-Bouillon (de concentration à gauche) échangent des
357 1226 1621 1292 coups formidables. Vous saurez par le télégraphe les résultats.
514 1296 1630 1358 Dans la Sarthe, la lutte est simplifiée, Caillaux étant
357 1360 1531 1429 en prison et moi au Sénat, ce qui est presque la XXXX même
357 1433 1205 1499 chose au cours d’une élection législative.
516 1501 1670 1559 A Paris, Painlevé, Ferdinand Buisson ont contre eux, avec
359 1561 1612 1634 les Socialistes Extrémistes, une soi-disant union républicaine
359 1636 1551 1697 où il ne manque que des républicains, mais les candidats de
357 1699 1590 1764 droite profitent de la diversion socialiste et des grèves que
357 1761 1606 1830 XXXXXX rejettent de leur côté les timorés toujours nombreux.
734 1836 1315 1900 Votre affectueusement dévoué
139 1940 947 2004 à Monsieur le Président N. Murray BUTLER
355 2012 540 2083 NEW YORK
1071 1916 1440 2004 ££
