1745 2197
917 117 1008 188 - 4 -
382 250 1303 316 cantonniers, pour remetre nos routes en état.
714 313 1604 384 Malgré tout, malgré les trains devenus rares
384 386 1620 454 sur nos voies ferrées, malgré les routes souvent inutilisables
384 459 1582 516 et les voies navigables, uniques au monde mais dès longtemps
384 516 1604 580 abandonnées, la campagne ne m’a jamais paru plus riante, plus
384 591 1605 648 confiante. Un éleveur du pays m’accompagnait. J'admirais sa
384 649 1624 712 sérénité ; je l'entendais avec plaisir se louer des Américains,
384 725 1506 785 alors que certaines villes, gorgées de leur or, osent se
382 783 1543 851 plaindre de leur présence ; je voyais les jeunes filles du
382 856 1505 917 pays se promener et gesticuler en riant, des yeux et des
384 917 1565 983 bras, avec eux, pour se faire comprendre, c’est-à-dire pour
386 986 1625 1047 se faire aimer ; bref, tout le monde était content, et le pays
388 1045 1624 1120 était radieux. Est-il vrai, demandais-je, que vous vendez vos
384 1113 1527 1177 vaches jusqu'à 2.000 frs par tête? Oui, me répondait mon
390 1188 1583 1250 éleveur ; je viens même d’en vendre une 2.800 francs ! Mêmes
391 1241 1631 1312 prix pour les chevaux, ces percherons si connus aux Etats-Unis.
402 1312 1539 1387 Deux porcs se vendent 800 francs, la pièce, et davantage.
388 1382 1602 1450 Une paire de poulets 40 frs ; le beurre 8 frs la livre, etc...
386 1453 684 1517 etc.... etc....
719 1510 1607 1574 Bien plus, cette partie de la Sarthe produit
386 1574 1646 1640 du chanvre ; et le Gouvernement payait une prime pour encourager
386 1645 1550 1706 cette culture. Or le chanvre étant devenu introuvable, un
388 1717 1591 1783 petit fermier qui paie un fermage de mille francs par an, en
390 1785 1664 1854 a vendu, l’année dernière, pour 60.000 francs. 60.000 frs, vous
