1747 2197
173 219 406 305 LETTRE N° 493.
809 170 1126 236 SÉNAT
430 194 653 406 ££
1131 324 1527 406 PARIS, 2 Mars 1919.
776 468 1159 540 LA VIE REPREND .
932 657 1267 730 Mon cher Butler,
406 913 1565 990 cosmopolitiser... (ce barbarisme est bien de saison), que
703 849 1565 926 Tandis que les boulevards recommencent à se
406 984 1580 1056 devient la vie de famille en France? La vie chère interdit
406 1063 1527 1122 sans doute bien des réunions ; et aussi la difficulté de
406 1124 1481 1186 trouver des domestiques, même à tout prix. La grippe,
402 1188 1529 1255 par surcroît, continue de faire des ravages ; on prétend
410 1246 1622 1318 qu'elle a tué, en France, plus de monde encore que la guerre, -
406 1318 1622 1387 sur quatre domestiques, nous en avons deux au lit. Ce qui va
401 1384 1516 1448 manquer de forces généreuses et jeunes est incalculable,
401 1451 1582 1504 mais c’est une question qui vaut d'être examinée de près et
399 1515 1525 1581 non en passant ; j'y reviendrai. Je n'en aurai que trop
401 1580 1512 1638 l'occasion. Tous les jours, nous discutons, au Sénat ou
404 1644 1545 1702 ailleurs, dans nos commissions des Finances, des Affaires
402 1715 1609 1777 Extérieures, de la Marine, des Régions Libérées, de l'Alsace,
399 1783 1573 1834 dans nos groupes de l'Arbitrage, de la Société des Nations,
397 1847 1598 1913 de l'Aviation, etc...etc.. Ces problèmes de l’après-guerre ;
183 1999 1124 2065 à Monsieur le Président Nicholas Murray BUTLER.
