1741 2197
859 148 1167 225 LETTRE N° 536.
192 243 432 316 SÉNAT
1216 272 1610 362 PARIS, 13 Mai 1919.
689 415 1282 487 LA JEUNESSE DES ÉTATS-UNIS.
606 487 1357 562 UN JOURNAL AMÉRICAIN PUBLIE AU MANS .
996 684 1326 746 Mon cher Butler,
696 847 1550 906 La jeunesse de votre année est pour moi un
401 900 1548 975 charme, comme la jeunesse de votre pays. Ce n’est pas le
401 970 1643 1049 Président Wilson seulement qui mérite d'être accusé dédaigneu-
401 1047 1565 1111 sement de " noble candeur", c’est tout votre peuple ; c’est
397 1113 1647 1180 chaque soldat, chaque officer. Cette candeur vous la cultivez,
401 1179 1621 1244 vous l’entretenez comme les gens bien équilibrés s’appliquent
394 1233 1667 1309 à conserver leur jeunesse. Vous pratiquez, comme des principes,
395 1303 1601 1373 la propreté, la variété, la gaieté, les jeux, les sports, la
394 1378 1614 1439 vie en plein air, et dans une large mesure, dans la coéduca-
394 1444 1651 1514 tion, par exemple, la lutte contre l'alcoolisme et les maladies
392 1515 1528 1576 de toutes sorts, y compris les maladies dites honteuses,
390 1570 606 1627 la pureté.
685 1647 1581 1709 Cela ne vous empêche pas d’avoir vos défauts,
388 1699 1612 1774 c'est entendu, mais tout de même vous travaillez à développer
388 1775 1533 1843 vos qualités, vos forces, votre santé, votre bonté ; c’est
386 1829 580 1902 beaucoup.
146 1997 1083 2074 Monsieur le Président Nicholas Murray BUTLER.
