1732 2197
787 106 882 164 - 7 -
333 234 1576 289 C’est du reste le syst ème classique de nos adversaires ; ne les
232 298 1554 366 ai-je pas toujours entendus, dans mes luttes de la politique inté-
230 364 1594 430 rieure, me reprocher, quand je les attaquais, d’attaquer la France !
230 432 1629 497 alors que je la défendais contre eux. Il €c€en est de même des adversai-
230 505 1537 562 res de nos idées en Allemagne ; ils généralisent et dénaturent nos
228 571 1536 629 accusations afin d’entraîner à leur suite tous leurs compatriotes
230 637 582 690 sans distinction.
329 699 1611 756 Ne nous lassons pas de dénoncer ces manœuvres que nous connais-
234 767 1537 825 sons depuis trop longtemps, mais qui n’en font pas moins illusion
228 829 796 889 aujourd’hui plus que jamais.
327 900 1552 957 Je me souviens qu’il y a deux ans, vers cette époque, au con-
225 968 1570 1019 grès de Heidelberg, je me suis volontairement exposé à de vives cri-
230 1030 1591 1091 tiques allemandes en apportant hautement mon plaidoyer pour l’Alsace
228 1100 1569 1151 Lorraine ; mais ce même jour je me suis exposé à des critiques fran-
230 1166 1574 1217 çaises non moins vives en évoquant "les ruines accusatrices" que je
227 1226 1607 1288 voyais se dresser devant moi et rappeler apr ès deux si ècles les pires
228 1292 1552 1362 excès de nos campagnes du Palatinat! Depuis lors les Allemands ont
230 1358 1667 1428 eu plus que leur part de vengeance et de représailles ; et il me semblait
228 1429 1548 1484 que c'était assez, que c’était fini, que tout ce sang, ce feu, ces
228 1492 1565 1547 crimes, ces ruines avaient fait leur preuve d’impuissance...... Et
227 1548 1636 1611 aujourd hui, quand je vois le militarisme allemand recommencer, retom-
227 1627 1651 1686 ber plus bas que jamais dans la honte, il me faudrait garder le silence,
225 1689 1627 1748 ménager la susceptibilité des ames sensibles ; non, cela est impossible.
223 1750 1585 1808 Il faut que les Allemands apprennent par leurs anciens amis éprouvés
223 1816 1602 1882 des autres pays que leur Gouvernement les trompe, qu’il a manqué à sa
221 1885 1600 1940 parole, déchiré les traités, violé toutes les lois internationales et
223 1953 1580 2019 humaines, et qu’il y a dans le monde des consciences impartiales ré-
