1763 2197
890 135 1026 217 - 12 -
335 280 1561 336 moins de 5.000 frs, paie tant de frais de port, de douane, de
324 335 1695 404 change, et autres pour entrer en France qu'on vend les pareilles en France
339 411 1638 477 plus de 20.000 frs, 23 à 25.000 frs et encore plus. Constatation
337 468 1537 538 écrasante. Voilà donc tout producteur français payant, sans
337 545 1638 607 parler des impôts dont nous ne pouvons même pas encore évaluer le
335 607 1695 668 chiffre, avec un budget de dépenses quadruplé, dépassant 22 milliards
333 675 1537 737 par an, au lieu de 6 ; voilà donc tout Français qui voudrait
335 735 1621 803 lutter, travailler, acheter et vendre et faire circuler ses pro-
333 800 1555 865 duits, obligé de payer cinq fois plus cher que son concurrent
335 876 1618 930 américain l'instrument de circulation le plus courant aux Etats-
333 933 1577 997 Unis, le plus rare relativement chez nous, l’automobile. Cela
335 1008 1574 1061 dit tout. La France ainsi est condamnée par toute la suite de
337 1069 1651 1136 ses guerres, et par la dernière plus encore, à un surmenage crois-
333 1138 1671 1201 sant. Ce surmenage a été sans doute et stimulant pour sa généreuse
1079 1122 1108 1164 ££
335 1202 1592 1272 ambition et un €stimulant€ de misère. Elle est devenue, comme on
626 1180 802 1224 ££
333 1268 1568 1329 dit chez nous, plus dure au mal, plus rustique, plus éprouvée.
329 1336 1594 1389 Mais réfléchissez qu’en se réduisant à des besognes matérielles
335 1406 1603 1466 trop rudes et à des méthodes trop arriérées, en marchant à pied,
329 1468 1658 1526 quand ses concurrents circulent en automobile, elle double, triple
331 1528 1632 1601 quadruple son effort pour un résultat beaucoup moindre ; elle n'a
331 1598 1609 1658 plus le temps d’instruire sa jeunesse ; elle la brûle en appren-
331 1667 1601 1728 tissage précoce et hâtif, en travaux manuels ; elle se condamne,
326 1728 1550 1792 dans le mouvement universel, à une course de lenteur avec des
331 1797 1629 1852 facultés et une expérience sans égales, elle se prive de l'éduca-
328 1871 1588 1927 tion dont elle profiterait mieux que tous pour le bien de tous;
322 1918 1609 1999 elle s'épuise enfin. Je vois sur ces jolies routes de la Sarthe
328 1991 1645 2056 ou j'ai le loisir de penser, je vois sur ces routes précieuses que
