1719 2197
852 162 958 227 - 2 -
335 294 1218 360 contre le mensonge, l'égoïsme, l'oppression.
333 433 1462 488 selon le mot de mes amis indignés,- surtout les petits, -
689 371 1616 424 Si je tombe, je tomberai droit et ma défaite, -
340 507 1601 573 "fera le désespoir des républicains". Leur revanche ne tardera
333 571 1125 629 pas ; mais à quel prix, pour mon pays ?
331 708 1519 765 Paix. En avant! Plutôt mourir que faiblir ! Et à Dimanche
690 615 1541 686 Vive la France, mon cher Butler et vive la
333 768 861 829 soir, "dessus ou dessous".
767 860 1475 924 Pour M. d'ESTOURNELLES de CONSTANT,
850 906 1313 952 retenu dans la Sarthe :
172 1093 1477 1160 P.S,- Ci-joint, avec un specimen des manœuvres de la dernière
353 1133 1517 1188 heure dirigées, toujours sans signature, contre moi, trois
337 1184 1559 1252 circulaires qui vous mettront bien au courant du caractère de
335 1233 1414 1281 cette furieuse campagne, le dernier et suprême assaut.
152 1545 1094 1620 à Monsieur le Président Nicholas Murray BUTLER,
564 1627 771 1709 NEW-YORK.
