1749 2197
901 115 1032 194 - 12 -
421 261 1668 333 essayé de modifier le point de vue allemand. Y ai-je réussi ?
421 344 1564 399 J'ai bien peu d’espoir, et d’autres que moi y ont échoué.
421 402 1567 465 j'ai vu récemment, il y a 15 jours à peine, le Professeur
421 472 1662 534 FOERSTER et l'auteur de "J'ACCUSE" M. GRILLING, qui revenaient
421 541 1606 596 de Berlin. Ils sont entièrement découragés. Les Allemands
419 600 1470 664 n'ont pour ainsi dire pas changé de mentalité depuis
421 675 1642 725 qu’ils sont en République ; ils ne comprennent pas qu’ils ont
423 735 1607 789 des responsabilités ; la seule faute du militarisme, à leurs
419 801 1622 856 yeux, est de n'avoir pas été vainqueur ; le seul crime qu’il
421 867 1606 926 ait commis, c’est son échec ; et voilà le fond de la morale
421 937 1622 995 allemande. Le Professeur FOERSTER avait organisé une grande
419 1001 1543 1058 conférence à Munich, dans laquelle il s'était efforcé de
419 1069 1622 1129 démontrer à quels excès l'Allemagne s'était laissé entraîner
419 1135 1659 1195 par son impérialisme et son militarisme. A l'issue de la con-
421 1201 1600 1259 férence, il s’entretint avec quelques-uns de ses auditeurs.
419 1268 1653 1323 Leur conclusion, à tous, fut la suivante ; Oui, c’est entendu,
423 1340 1624 1389 vous nous dites maintenant que nous avons eu tort, parce que
419 1404 1598 1450 nous sommes vaincus ; mais nous n'avons eu tort qu'en cela".
419 1466 1639 1528 donc, bien loin de commencer à s’apercevoir qu'ils ont commis
415 1526 1622 1589 une grande erreur et une lourde faute en attaquant la France
417 1601 1602 1664 et la Belgique, ils ne veulent même pas avoir de discussion
417 1664 1618 1722 à ce sujet. Je ne dis pas qu’il ne soit pas survenu quelque
417 1730 1598 1783 changement dans la façon de voir de certaines personnalités
415 1799 1596 1849 allemandes, mais il n'y en a certainement pas dans celle du
410 1861 690 1926 grand public.
