1762 2197
739 109 1034 194 LETTRE N° 574
179 206 415 289 SÉNAT
1097 245 1617 327 PARIS, le 20 octobre 1919
576 404 1027 497 DÉPOPULATION AGGRAVÉE
822 558 1157 638 Mon cher Butler,
527 701 1619 774 Les sinistres plaisanteries des auteurs de guerre ont
344 776 1038 842 leur lendemain, hélas trop prévu.
346 897 1597 974 cause, conseille à ceux qui en ont eu six, comme moi, de faire
527 831 1635 900 Et tandis que M. POINCARÉ qui n’a pas d’enfants, et pour
348 966 1652 1038 leur devoir envers la patrie, tandis que M. CLEMENCEAU s’aperçoit
351 1043 1635 1105 à 78 ans, avec beaucoup d’esprit et peu de cœur, que la France
348 1105 1655 1175 devait être économe de son sang, les statistiques officielles XXX
349 1160 1573 1244 XXXX publient les chiffres que voici, pour ma seule région:
525 1239 870 1305 MAYENNE (Lav/al)
523 1318 866 1365 Naissances 3.804
523 1363 870 1437 Décès: 6.548
523 1495 1042 1567 MAINE et LOIRE (Angers)
525 1576 884 1636 Naissances : 5.744
527 1642 674 1711 Décès :
734 1638 881 1700 11.734
527 1748 1005 1838 SARTHE ££ ££
522 1841 886 1898 Naissances : 5.910
523 1905 674 1957 Décès :
426 1955 1556 2032 Soit environ deux fois plus de décès, en moyenne, que de
730 1902 886 1958 10.046
131 2021 826 2087 à M. le Président N. Murray BUTLER
349 2070 522 2131 NEW YORK
