1752 2197
846 216 945 274 - 2 -
448 338 1618 406 naturellement tendancieuses sont des documents historiques
448 402 1638 468 d'une valeur plus ou moins contestable. Je vous envoie, com-
448 472 1572 532 me specimen, celle-ci que je reçois d'un inconnu, sur la
448 534 1689 611 Macédoine, son passé et son présent elle fait partie de l'in-
448 616 1675 664 nombrable collection des documents de la propagande panhellé-
432 673 1632 735 nique. Elle présente le plus grand intérêt de vulgarisation,
447 735 1095 803 ne serait-ce que par les cartes.
824 800 1638 871 L'obligation de frapper les yeux, d’agir
450 862 1552 933 vite et fortement aura bouleversé nos vieilles méthodes
450 931 1653 997 d'enseignement ; on arrive à enseigner par les yeux, par l’i-
447 995 1616 1067 mage, par le cinéma, par €la€ l'affiche, en un instant, ce
448 1056 1632 1129 que des générations avaient jadis tant de peine à apprendre
428 1127 1669 1201 pendant des années. J'ai vu souvent ces temps derniers Venize-
450 1193 1651 1268 los, dont je vous annonce la visite aux Etats-Unis, après la
447 1254 1610 1332 conférence de la Paix. J'ai pour cet homme de rêve réalisé
427 1321 1673 1396 et d’énergique douceur une vive sympathie. Puisse l'Hellénisme.
447 1393 1612 1461 lui disais-je, être guidé par des idéalistes comme vous et
443 1462 1647 1530 non par des conquérants. Les idéalistes le réhabiliteront et
443 1523 1508 1589 le sauveront, tandis qu'Alexandre le Grand l'a perdu.
822 1585 1645 1664 Si j'avais le temps je ferais faire et je
445 1653 1682 1720 recommande à Melle AMELOT de 's'en occuper, à notre Bibliothè-
441 1733 1587 1790 que Frédéric Passy, une bonne collection des monographies
436 1796 1680 1865 publiées par chacun des peuples, des états ou des nationalités
445 1856 1645 1933 éparses ou non, intéressés aux décisions de la Conférence de
443 1931 619 1988 la Paix.
128 1980 797 2054 à M. le Président N.Murray BUTLER
837 1964 1409 2026 Votre affectueusement dévoué
273 2032 459 2094 NEW YORK
901 2023 1240 2105 ££
