1752 2197
872 144 987 197 - 2 -
366 261 1579 325 documents.- Vous trouverez dans le discours de M. Bourgeois,
362 329 1665 400 comme je vous l'ai dit, beaucoup plus de sérénité, peut-être plus
366 400 1609 461 de sagesse, que dans mes critiques ; en tous cas, il constitue
364 470 1587 532 une imposante confirmation de nos convictions et de notre foi
364 530 1645 598 dans l’avenir de la Société des Nations.- Le lendemain j'étais
364 607 1587 657 absent, comme je vous l'ai dit ; d’autres devoir m’appelaient
362 673 1625 725 au Mans pour la préparation de nos élections prochaines, parti-
361 734 1645 798 culièrement compliquées cette fois, dans la Sarthe, que M. Cail-
361 809 1625 864 laux représente à la chambre. - J'ai pu revenir le Samedi matin
361 871 1623 931 pour la dernière séance et entendre, souvent même applaudir, le
357 942 1601 1001 discours de Clemenceau. Admirable lutteur, esprit plus lucide
361 1006 1565 1061 que jamais, pénétrant, aigu, toujours vif, il a tenu plus de
357 1071 1565 1136 deux heures la tribune, à son âge : 78 ans ! Le sénat a voté
359 1136 1577 1201 l'affichage de son discours comme celui de M. Léon Bourgeois ;
355 1208 1522 1265 mais quelle différence entre les deux ; celui de Bourgeois
357 1263 1579 1332 était un acte de foi ; trop complaisant à mon gré, mais inva-
357 1325 1598 1391 riable dans l’avenir de la paix ; celui de Clemenceau, au con-
357 1389 1568 1468 traire, un exposé brillant, amusant, émouvant, de ses doutes,
355 1464 1576 1536 de ses expériences, de ses révoltes contre cette guerre qu'il
351 1537 1557 1592 a pourtant considérée et qu’il considère encore comme inévi-
355 1605 1559 1667 table ; rien de plus séduisant que cet exposé clair comme du
351 1669 1594 1733 cristal, mais rien aussi de plus superficiel : certes, je lui
351 1728 1612 1792 rends justice ; il n'a rien répondu à ce que j'ai dit de l'iso-
350 1801 1607 1863 lement économique et financier de la France, à la mystification
348 1871 1552 1938 du désarmement ; il a parlé des défaites de Louis XIV, et de
