1747 2197
922 129 1019 188 - 3 -
386 219 1607 285 confiance et d’avenir assuré, entre tous les autres pays ; si
386 296 1666 357 seulement il n’est pas détruit, la guerre se flattant maintenant
384 362 1624 424 de détruire la campagne aussi complètement que les villes. Et
384 433 1587 490 ces plaines, ces collines bénies, il y en a partout, dans ce
384 490 1626 551 qui reste de la France. Ailleurs l'ingéniosité de ses popula-
386 554 1585 615 tions a su entremêler les cultures et les herbages, ailleurs
380 629 1604 682 les vignes, les vergers, les bois ; les arbres mêmes viennent
382 692 1626 759 très bien le long des routes. Ces routes dont nous ne savions
380 765 1563 825 pas apprécier la beauté avant la guerre ! A présent elles se
379 831 1541 884 ressentent seules de la guerre ; elles sont devenues, pour
377 895 1540 953 un bon nombre, impraticables, sous la course infernale des
377 950 1648 1025 autos et des tracteurs. Partout où séjournèrent les Américains.
379 1030 1624 1089 il n'y a plus de routes. Vous n'êtes pas soigneux. En France,
377 1085 1605 1157 on entretenait, on rafistolait les routes, je ne sais comment,
375 1166 1560 1215 par de petits soins quotidiens ; un cantonnier qui semblait
375 1224 1595 1290 toujours inactif, baladait des cailloux, de l'herbe, du sable
373 1294 1556 1351 ou de la terre bien choisie ; il faisait la toilette de nos
371 1356 1534 1422 chemins, plus doux ainsi et plus roulants que des billards
373 1428 1497 1484 entre deux platebandes de gazon ; et ces longs tracés de
373 1495 1651 1552 rubans sinueux et entrecroisés restaient en tous sens les traits
371 1554 1593 1618 d’union de tout le pays. Nos armées essaient de nous aider à
373 1627 1589 1680 les réparer par de grands travaux ; mais elles ne savent pas;
371 1693 1551 1746 vos hommes rient de nos petits soins et les nôtres rient de
369 1761 1607 1818 vos grands efforts perdus ; et vos camions continuent de faire
369 1816 1508 1885 voler au passage, jusque dans les champs, les cailloux mal
368 1894 1609 1955 agglomérés. Il nous faudra quinze ans, si nous retrouvons des
