1735 2197
835 162 950 238 - 2 -
536 291 1658 366 Je prends l'exemple le plus actuel, celui de PAINLEVÉ:.
377 367 1571 432 Ses adversaires, en d’autres termes, les gens du monde, les
377 435 1648 497 chauvins, des généraux, chefs de bureau aigris voulaient l'at-
379 503 1672 562 teindre et,à travers lui, le régime. Ils prétendaient le charger
379 571 1647 631 de la responsabilité de toutes les déceptions de la guerre. Les
375 644 1687 708 Etats-Majors et les généraux seraient vainqueurs depuis longtemps,
373 715 1625 774 disaient-ils, s’ils n’étaient pas sans cesse contrariés, para-
375 778 1691 834 lysés par le Ministre et par les parlementaires qui le soutiennent
375 842 1566 909 c’est ce qu’ils impriment tous les jours, matin et soir, ce
373 906 1658 977 qu'on imprime encore dans tous les journaux bien pensants et mê-
373 974 1628 1038 me dans pas mal de journaux républicains défaillants, (le plus
370 1043 1625 1107 grand nombre, car il n'y a rien à gagner du côté du service de
370 1114 1562 1173 la démocratie, et dès qu’un journal républicain réussit, il
368 1177 1623 1248 passe généralement, sans qu'on s’en doute, dans l'autre camp. )
523 1250 1661 1309 Mais le public à la longue a fini par XX être en défian-
368 1314 1542 1374 ce ; l'Affaire DREYFUS, l'Affaire MALVY, l'Affaire CAILLAUX
368 1376 1401 1437 l'ont inquiété ; il a des doutes. Alors que fait-on?
527 1451 1658 1512 Trois ou quatre journalistes connus de Paris, - je pour-
368 1506 1656 1576 rais les nommer, - parmi ceux qui ont toujours suscité des polé-
366 1581 1639 1645 miques et la discorde nationale et internationale, - se mettent
364 1647 1652 1709 d’accord pour s’emparer d’un fait qui leur est signalé par quel-
364 1720 1615 1783 que bureau, quelque état-major, (je n'ose pas dire par quelque
366 1779 1595 1854 grand chef,) et ils se chargent d’en faire le point de départ
