1757 2197
753 111 868 173 - 5 -
368 205 1628 280 l'arrêter, mais non, ayant manqué sa destinée bienfaisante,; il
373 270 1626 336 s’est précipité comme un dément dans un délire de destruction.
375 335 1636 404 C'est bien là ce qui résulte de la lecture impartiale du livre
373 413 1650 470 bleu et du livre blanc que votre conciliation a pris l’heureuse
375 476 1143 545 initiative de répandre aux Etats-Unis.
476 532 1647 611 Ceux qui, comme vous et tant d’autres de nos amis, ont es-
377 606 1632 675 sayé de prévenir la catastrophe, ceux qui ne pouvaient trouver
377 679 1632 745 de repos dans leur conscience, aussi longtemps qu’ils voyaient
375 737 1612 809 une chance sur mille de persuader l’Empereur et d’orienter sa
377 800 1593 871 volonté dans le sens de la justice et de la raison, ceux qui
377 869 1571 937 pensaient qu’il pouvait souhaiter d'être le digne souverain
377 935 1610 1008 du pays de Kant, de Goethe et de Beethoven plutôt que l'héri-
381 1010 1637 1076 tier sauvage d’Attila, ceux là n'ont rien à se faire pardonner
381 1074 1637 1140 au contraire ; ils ont été des hommes de bonne volonté,; ils ont
382 1140 1615 1202 échoué, mais leurs tentatives ingrates méritent le respect du
381 1204 1595 1276 monde, elles sont plus honorables, en tout cas, et elle pou-
381 1266 1692 1342 vaient être plus fécondes que le scepticisme de leurs détracteurs
483 1334 1632 1406 Et maintenant, de jour en jour, le crime de la guerre dé-
386 1404 1637 1475 chaînée va s’aggraver, et cela toujours pour rien la victoire
382 1462 1621 1536 allemande n’en restera pas moins stérile ; les cris d’horreur
384 1539 1630 1609 qu’elle a soulevés sur son passage, des Vosges à l'Atlantique,
386 1605 1659 1675 restent dominés par notre anathème, par notre protestation de €t€
388 1671 1603 1737 tout sacrifier plutôt que de subir la honte de la domination
386 1741 600 1805 allemande.
487 1797 1623 1869 Et les neutres ? Leur situation n’est pas enviable. On a
388 1876 1703 1935 beau dire que le Gouvernement Italien en dépit des manifestations
388 1933 1623 2002 populaires d'hostilité contre l'Autriche et de sympathie pour
392 2015 1542 2081 la France, attend l'épuisement des uns et des autres pour
