<?xml version="1.0" encoding="UTF-8"  standalone="yes"?>
<PcGts xmlns="http://schema.primaresearch.org/PAGE/gts/pagecontent/2019-07-15" xmlns:xsi="http://www.w3.org/2001/XMLSchema-instance" xsi:schemaLocation="http://schema.primaresearch.org/PAGE/gts/pagecontent/2019-07-15 http://schema.primaresearch.org/PAGE/gts/pagecontent/2019-07-15/pagecontent.xsd">
  <Metadata>
	<Creator>escriptorium</Creator>
	<Created>2022-07-21T12:02:34.242039+00:00</Created>
        <LastChange>2022-07-21T12:02:34.242060+00:00</LastChange>

  </Metadata>
  <Page imageFilename="FRAD072_12J387_lettre0604_001.jpg" imageWidth="1721" imageHeight="2197">

    

    
    <TextRegion id="eSc_dummyblock_">
    
    
      <TextLine id="eSc_line_ea230eb6" >
        <Coords points="816,184 816,214 871,225 873,225 939,217 994,212 1122,221 1124,181 1120,148 972,137 970,137 814,150 816,184"/>
        <Baseline points="816,184 1124,181"/>
        <TextEquiv>
          <Unicode>LETTRE N° 604.</Unicode>
        </TextEquiv>
      </TextLine>

    
    
      <TextLine id="eSc_line_c5a87d2d" >
        <Coords points="270,307 270,342 402,351 404,302 399,276 269,276 270,307"/>
        <Baseline points="270,307 404,302"/>
        <TextEquiv>
          <Unicode>SENAT</Unicode>
        </TextEquiv>
      </TextLine>

    
    
      <TextLine id="eSc_line_0e48ecb8" >
        <Coords points="1003,410 1001,437 1514,441 1517,413 1515,367 1305,371 1292,367 1257,358 1255,358 1155,357 1153,357 1151,357 1149,357 1149,358 1136,369 1135,371 1003,371 1003,410"/>
        <Baseline points="1003,410 1517,413"/>
        <TextEquiv>
          <Unicode>LE MANS, 8 Janvier 1920.</Unicode>
        </TextEquiv>
      </TextLine>

    
    
      <TextLine id="eSc_line_51f0c699" >
        <Coords points="1114,444 1113,487 1367,487 1369,446 1367,422 1114,419 1114,444"/>
        <Baseline points="1114,444 1369,446"/>
        <TextEquiv>
          <Unicode>37 rue Ducré.</Unicode>
        </TextEquiv>
      </TextLine>

    
    
      <TextLine id="eSc_line_ba23e952" >
        <Coords points="529,642 527,673 558,686 560,686 562,688 602,688 602,686 604,686 606,686 606,684 616,675 699,686 701,686 834,679 893,675 922,681 966,688 968,688 970,688 984,681 992,677 1001,682 1014,688 1016,688 1017,688 1047,682 1076,677 1356,688 1360,646 1360,618 529,615 529,642"/>
        <Baseline points="529,642 1360,646"/>
        <TextEquiv>
          <Unicode>- FAIS CE QUE DOIS; ADVIENNE QUE POURRA.-</Unicode>
        </TextEquiv>
      </TextLine>

    
    
      <TextLine id="eSc_line_f6831fce" >
        <Coords points="624,573 622,609 1274,609 1276,578 1276,551 1265,540 1265,538 1263,538 1261,538 1259,538 1179,552 1177,552 1054,536 1052,536 950,551 862,541 860,541 858,541 856,541 845,551 844,551 842,551 750,541 748,541 624,549 624,573"/>
        <Baseline points="624,573 1276,578"/>
        <TextEquiv>
          <Unicode>L&#39;ASSAUT GÉNÉRAL.</Unicode>
        </TextEquiv>
      </TextLine>

    
    
      <TextLine id="eSc_line_bd4f0dbe" >
        <Coords points="898,803 897,831 1230,836 1233,807 1233,781 898,779 898,803"/>
        <Baseline points="898,803 1233,807"/>
        <TextEquiv>
          <Unicode>Mon cher Butler,</Unicode>
        </TextEquiv>
      </TextLine>

    
    
      <TextLine id="eSc_line_58074088" >
        <Coords points="291,1025 289,1047 303,1056 305,1056 307,1056 309,1056 406,1049 574,1060 1569,1061 1572,1041 1570,1017 291,1001 291,1025"/>
        <Baseline points="291,1025 1572,1041"/>
        <TextEquiv>
          <Unicode>tance circulaire et les contre-attaques de j’oppose sur tous les</Unicode>
        </TextEquiv>
      </TextLine>

    
    
      <TextLine id="eSc_line_38cf67b1" >
        <Coords points="626,964 624,986 629,992 629,994 631,994 633,994 635,994 754,986 941,997 942,997 1570,995 1572,975 1570,950 626,933 626,964"/>
        <Baseline points="626,964 1572,975"/>
        <TextEquiv>
          <Unicode>Un instant seulement je m&#39;arrête dans la résis-</Unicode>
        </TextEquiv>
      </TextLine>

    
    
      <TextLine id="eSc_line_4f976e58" >
        <Coords points="291,1093 289,1127 448,1138 450,1140 532,1140 532,1138 534,1138 536,1138 545,1131 547,1129 558,1131 615,1140 616,1140 693,1131 704,1131 706,1131 717,1140 719,1140 721,1140 818,1142 820,1142 878,1133 886,1133 887,1133 900,1142 902,1142 904,1142 906,1142 961,1135 963,1135 964,1135 1080,1146 1082,1146 1166,1136 1168,1136 1169,1136 1237,1146 1239,1146 1550,1138 1552,1107 1550,1078 291,1069 291,1093"/>
        <Baseline points="291,1093 1552,1107"/>
        <TextEquiv>
          <Unicode>points à mes adversaires de toutes les paroisses coalisées. Ils</Unicode>
        </TextEquiv>
      </TextLine>

    
    
      <TextLine id="eSc_line_eee3cd4c" >
        <Coords points="291,1162 289,1180 1393,1190 1396,1169 1395,1136 291,1129 291,1162"/>
        <Baseline points="291,1162 1396,1169"/>
        <TextEquiv>
          <Unicode>sonnent déjà le hallali et ma mort politique. Trop tôt</Unicode>
        </TextEquiv>
      </TextLine>

    
    
      <TextLine id="eSc_line_1125bf2f" >
        <Coords points="291,1228 289,1257 342,1272 344,1272 346,1272 450,1265 497,1274 499,1276 600,1276 600,1274 602,1274 604,1274 622,1263 710,1276 712,1276 875,1268 930,1277 931,1277 1096,1266 1122,1279 1124,1279 1125,1281 1235,1281 1235,1279 1237,1279 1261,1268 1329,1281 1331,1281 1532,1268 1534,1239 1530,1193 1384,1201 1184,1191 1118,1190 1116,1190 291,1190 291,1228"/>
        <Baseline points="291,1228 1534,1239"/>
        <TextEquiv>
          <Unicode>peut-être.. C&#39;est un spectacle édifiant, en ce moment où la</Unicode>
        </TextEquiv>
      </TextLine>

    
    
      <TextLine id="eSc_line_20e10ea6" >
        <Coords points="289,1294 287,1320 1442,1323 1446,1303 1444,1279 289,1270 289,1294"/>
        <Baseline points="289,1294 1446,1303"/>
        <TextEquiv>
          <Unicode>France n&#39;a pas assez de bons citoyens pour la bien servir.</Unicode>
        </TextEquiv>
      </TextLine>

    
    
      <TextLine id="eSc_line_c1bab223" >
        <Coords points="287,1424 285,1442 316,1453 318,1453 320,1453 1023,1451 1067,1461 1069,1461 1429,1453 1431,1435 1431,1404 287,1393 287,1424"/>
        <Baseline points="287,1424 1431,1435"/>
        <TextEquiv>
          <Unicode>temps, les journées trop courtes, les routes défoncées et</Unicode>
        </TextEquiv>
      </TextLine>

    
    
      <TextLine id="eSc_line_0c7d075b" >
        <Coords points="618,1360 616,1382 1085,1396 1087,1396 1206,1389 1210,1389 1235,1398 1237,1398 1239,1398 1547,1391 1548,1371 1548,1347 618,1331 618,1360"/>
        <Baseline points="618,1360 1548,1371"/>
        <TextEquiv>
          <Unicode>Mais, heureusement, malgré l&#39;hiver, le mauvais</Unicode>
        </TextEquiv>
      </TextLine>

    
    
      <TextLine id="eSc_line_3e9a5d15" >
        <Coords points="287,1492 285,1510 342,1521 344,1521 595,1515 629,1515 646,1515 732,1525 734,1525 770,1517 787,1515 794,1519 809,1525 811,1525 812,1525 893,1519 944,1517 1089,1523 1188,1526 1190,1526 1191,1526 1193,1526 1195,1525 1204,1517 1235,1525 1250,1528 1252,1528 1254,1530 1508,1530 1510,1499 1508,1471 287,1461 287,1492"/>
        <Baseline points="287,1492 1510,1499"/>
        <TextEquiv>
          <Unicode>empierrées, je n&#39;ai pas faibli ; au contraire. Quel que soit</Unicode>
        </TextEquiv>
      </TextLine>

    
    
      <TextLine id="eSc_line_7eb3f802" >
        <Coords points="285,1558 283,1598 357,1590 377,1600 380,1601 382,1601 600,1603 602,1603 604,1603 606,1603 609,1600 616,1592 629,1600 640,1603 642,1603 644,1603 695,1598 728,1596 745,1598 783,1605 785,1605 787,1605 789,1605 798,1598 800,1596 803,1598 820,1605 822,1605 823,1605 937,1598 944,1598 952,1598 1076,1607 1078,1607 1080,1607 1082,1607 1096,1596 1104,1594 1501,1594 1504,1567 1503,1536 285,1526 285,1558"/>
        <Baseline points="285,1558 1504,1567"/>
        <TextEquiv>
          <Unicode>le résultat, Dimanche, je n’aurai pas de reproche à me faire.</Unicode>
        </TextEquiv>
      </TextLine>

    
    
      <TextLine id="eSc_line_04ec7127" >
        <Coords points="287,1622 285,1640 351,1658 353,1658 355,1658 357,1658 358,1658 371,1647 382,1656 384,1656 386,1656 388,1656 389,1656 391,1656 391,1655 402,1645 488,1645 540,1664 541,1664 743,1666 745,1666 746,1666 748,1666 767,1651 842,1647 864,1647 873,1647 966,1666 968,1666 970,1666 1006,1649 1010,1649 1069,1649 1074,1651 1113,1666 1114,1666 1116,1666 1118,1666 1142,1655 1320,1655 1321,1631 1320,1605 287,1598 287,1622"/>
        <Baseline points="287,1622 1321,1631"/>
        <TextEquiv>
          <Unicode>Je me suis porté sur tous les points du Département.</Unicode>
        </TextEquiv>
      </TextLine>

    
    
      <TextLine id="eSc_line_c940adce" >
        <Coords points="283,1752 281,1775 336,1788 338,1788 454,1779 466,1779 474,1779 527,1790 529,1790 622,1783 648,1781 684,1783 756,1790 757,1790 787,1786 807,1783 816,1786 834,1794 836,1794 838,1794 933,1788 1001,1785 1008,1790 1016,1796 1017,1796 1019,1796 1021,1796 1085,1792 1151,1786 1204,1794 1237,1797 1239,1797 1298,1796 1407,1790 1569,1799 1572,1764 1572,1739 283,1728 283,1752"/>
        <Baseline points="283,1752 1572,1764"/>
        <TextEquiv>
          <Unicode>avec mon drapeau hautement déployé pour la liberté, pour la paix,</Unicode>
        </TextEquiv>
      </TextLine>

    
    
      <TextLine id="eSc_line_ed3911b2" >
        <Coords points="620,1689 618,1711 679,1722 681,1722 778,1715 785,1715 790,1715 842,1724 844,1724 963,1719 997,1717 999,1719 1006,1724 1006,1726 1008,1726 1010,1726 1012,1726 1118,1720 1171,1719 1587,1728 1591,1699 1591,1667 1340,1660 1338,1660 1266,1666 1210,1669 1188,1666 1155,1658 1153,1658 1089,1664 1058,1667 1025,1664 955,1656 953,1656 904,1664 891,1666 889,1664 882,1658 882,1656 880,1656 878,1656 876,1656 836,1664 823,1666 814,1664 785,1655 783,1655 781,1655 620,1662 620,1689"/>
        <Baseline points="620,1689 1591,1699"/>
        <TextEquiv>
          <Unicode>J’aurai lutté, lutté, lutté de toutes mes forces,</Unicode>
        </TextEquiv>
      </TextLine>

    
    
      <TextLine id="eSc_line_2baccbc4" >
        <Coords points="109,1951 108,1975 1005,1982 1008,1957 1005,1920 785,1927 730,1918 728,1918 726,1918 703,1927 466,1916 457,1916 455,1916 452,1916 346,1924 302,1915 296,1915 294,1915 280,1915 157,1924 109,1915 109,1951"/>
        <Baseline points="109,1951 1008,1957"/>
        <TextEquiv>
          <Unicode>à Monsieur le Président Nicholas Murray BUTLER.</Unicode>
        </TextEquiv>
      </TextLine>

    
    </TextRegion>
    
  </Page>
</PcGts>
