1730 2197
821 184 960 227 - 28 -
245 325 1544 402 à la discussion du Traité de paix : malheureusement le jour où je
252 369 1499 435 devais parler, le vendredi 10, il me fallait être au Mans où se
249 400 1510 470 réunissaient, en Congrès, pour la première fois depuis la guerre,
251 432 1480 501 les délégués de tous les républicains du Département. Réunion
251 468 1499 534 importante, unique. Il s'agissait d'y désigner les cinq candi-
247 503 1519 567 dats appelés à former la liste républicaine en vue des élections
247 534 1557 604 législatives imminentes. O surprise ! M. Caillaux, dont quelques
243 571 1420 637 infidèles réclamaient l'élimination, a éte élu. Il a obtenu
240 631 1480 701 165 voix sur 280 votants. C'est un beau succès et pour lui et
245 666 1519 728 pour les populations qui n'ont pas voulu qu'il fût condamné sans
243 703 1477 761 jugement. Acceptera-t-il cette candidature ? C'est une autre
245 732 1497 794 question. Mais la manifestation est ce qu'il fallait souhaiter
241 761 1585 834 pour l'acquit de notre conscience. Je suis rentré aussitôt à Paris,
247 800 1493 865 à temps pour prendre part a la fin de la discussion du Sénat et
240 829 1495 908 au vote du Traité de paix, dont je vous parlerai duns une autre
241 864 390 920 lettre.
