1769 2197
948 148 1087 219 - 14 -
357 289 1596 353 si sa reprise pourrait avoir lieu ; son succès a dépassé toute
353 366 1576 421 attente, et il en sera de même quelques jours plus tard, pour
353 430 1635 492 celui que je préside et que j’ai réorganisé à La Flèche, et pour
353 488 1655 558 tous ceux qu'on n’a pas craint de reprendre. Bien plus, les mem-
353 562 1646 624 bres du jury v'ont appris, à Mamers, que des animaux, des vaches,
351 629 1651 692 des taureaux, des chevaux étaient plus maigres sans doute, ce qui
347 688 1492 748 n'est pas un défaut, mis de meilleure qualité qu’avant la
349 759 1708 827 guerre ; certaines étables sont en incontestable progrès. Pourquoi ?
349 831 1587 887 Sans doute parce qu'on a dû, pendant la guerre, procéder à une
347 895 1604 953 sélection impitoyable, éliminer tout ce qui n'était pas parfait,
349 963 1569 1021 garder la qualité, supprimer le reste. Quoi qu’il en soit, la
347 1023 1666 1087 fête fut un succès. Voici le menu du banquet arrosé de vins géné-
344 1094 1609 1157 reux.- Les démobilisés, en grand nombre, y fraternisaient avec
344 1155 1682 1221 les cultivateurs. La musique même de Mamers avait été reconstituée
342 1226 889 1285 d’urgence et se prodiguait.
699 1283 1644 1356 Rien ne manquait, après tant de deuils, et tont
340 1352 1681 1420 de souffrances, et tant de vides irréparables creusés par la guerre
340 1422 1642 1484 dans les rangs de plus de trente générations de 17 à 50 ans, rien
338 1484 1640 1550 ne manquait ; et cependant, là encore, il fallait oublier bien des
340 1550 1618 1611 deuils et de graves inquiétudes pour être gais comme on l'était.
342 1614 1657 1688 Il fallait oublier, on n’oubliait que pour un moment, la situation
340 1689 1613 1753 vraiment étrange et douloureuse de cet arrondissement de Mamers,
338 1744 1618 1821 privé de son représentant et puni de l'avoir élu ! Et cependant
335 1812 1558 1876 cet arrondissement reste fier de son choix, fier d’avoir pour
320 1876 1627 1949 député au parlement un ancien Président du Conseil des Ministres,
335 1955 1554 2019 emprisonné ; fier de tous les services qu’il a rendus et qu'il
