1746 2197
861 98 1357 170 Clermont-Créans (Sarthe)
1141 137 1538 203 le 8 Septembre 1914
742 300 824 362 N°3
555 435 899 499 Mon cher Keppel,
481 532 1665 604 Votre affectueuse lettre du 21 Août par laquelle vous nous
384 604 1678 671 exprimez de si chaleureuses sympathies nous a été au coeur. Vous
384 675 1559 732 avez compris que la France lutte pour le droit et la paix;
386 735 1683 801 Soyez sûr qu'elle résistera jusqu'au dernier homme avec la certi-
388 807 1645 876 tude qu'elle défend plus qu’elle même, la civilisation. Jamais
388 878 1643 942 je n'avais mesuré ni même soupçonné à quel degré de sauvagerie
386 942 1645 1006 la violence déchaînée peut abaisser l'homme ; je croyais que le
386 1005 1683 1069 monde ne pourrait plus revoir le temps du massacre des innocents
388 1083 1604 1142 je me trompais ; nous sommes revenus à la barbarie et l’armée
388 1146 1626 1206 prussienne ne nous laisse d’autre alternative que la victoire
390 1212 1590 1265 ou l’extermination. Fût-elle maîtresse de Paris, ce dont je
388 1283 1626 1334 doute, et de la moitié de la France, elle trouvera finalement
390 1340 1359 1409 l'autre moitié qui l’ensevelira sous ses ruines.
588 1411 1606 1471 Vous ne pouvez imaginer la noble passion réfléchie
388 1479 1538 1543 que chacun met en France à organiser la lutte à outrance.
392 1550 1634 1605 Chacun, dans chaque famille, a donné ce qu’il a de plus cher,
392 1614 1606 1673 ses enfants, son espérance, son amour ; le reste pèse peu: je
386 1684 1604 1739 vois sous mes yeux la défense nationale, dèjà très bien pré-
388 1742 1680 1803 parée de longue date, se parachever pour durer indéfiniment.....
392 1812 1608 1869 des mois, des années, s’il le faut. Le Pays s’est mis sur le
390 1883 1647 1948 pied de s’alimenter parfaitement tout en alimentant les armées
390 1944 1163 2013 qui n'ont jamais été si bien nourries.
247 2023 1179 2092 Monsieur KEPPEL Columbia University NEW-YORK
