1736 2197
752 87 895 164 - 10 -
369 190 1651 261 nuit. Un personnel à peine assez nombreux, en partie volontaire
369 265 1668 320 les seconds dans la besogne ingrate de l’intendance, de la phar-
369 324 1594 399 macie, de l’administration ; c’est tout un monde qui pourrait
369 393 1607 461 être ému, déprimé devant des spectacles toujours lamentables:
369 459 1629 527 songez que j’ai vu de jeunes blessés de 10 ans, de 16 ans même
369 534 1573 596 qu'on croyait perdus ; l’un n’était qu’un enfant, son regard
369 600 1651 668 sembler refléter encore celui de sa mère ; il avait les méninges
369 662 1607 730 traversées d’une balle ; d’autres avaient le pied, ou le genou
368 732 1589 801 ou l’intestin perforé ; un autre arrivait avec la cuisse fra-
368 803 1607 860 cassée et depuis cinq jours enfermée dans un mauvais appareil
364 862 1605 931 de plâtre, les vers dans la plaie! On les a sauvés à force de
362 928 1662 997 volonté, de bonté. J'ai vu les généreuses créatures qui les soi-
364 995 1622 1069 gnaient pleurer en cachette, pensant que leurs fils, leurs ma-
362 1060 1591 1129 ris, leurs frères étaient peut-être, eux aussi, dans quelque
364 1135 1624 1202 hôpital; trop heureuses quand elles pouvaient en avoir la cer-
364 1197 1660 1270 titude, tandis que tant d’autres attendent depuis deux mois sans
362 1266 1620 1336 rien savoir, avec ce seul mot de réponse officielle ; disparu!
364 1338 1618 1404 Pour quelques uns que nous enterrons, ou dont la convalescence
360 1406 1659 1473 sera longue, ou qu’il faudra classer comme amputés ou incurables
358 1466 1571 1530 un grand nombre de nos blessés repartent, guéris, fortifiés.
562 1530 1635 1600 C’est peut-être le souvenir de Créans qui nous reste-
358 1594 1598 1666 ra le plus cher ; ce départ des blessés que nous avons soignés
358 1660 1593 1733 pendant des semaines et qui tous s'étaient attachés à la mai-
358 1735 1616 1801 son comme des enfants. Les renvoyer déjà pour retourner au feu
358 1792 1638 1867 et, sans doute, tomber de nouveau, pour toujours peut-être, c’est
357 1858 1637 1933 dûr, c’est une véritable offrande de la vie à la mort. Et cepen-
355 1922 1552 1995 dant personne n'hésite. Partout arrivent les avertissements
357 1995 1573 2070 funèbres ; on a beau cacher les nouvelles, elles finissent par
