1768 2197
906 129 1033 190 - 23 -
326 247 1647 320 craint tant le risque, sauf le risque de son sang. On le croirait
346 305 414 357 ££
327 331 1608 391 time et jouisseur, et, tout à coup, une émotion noble en fait un
324 393 1588 457 saint ou un héros. On croirait qu’il ne pense qu’à lui et il se
324 459 1621 518 donne tout entier. Ce qui fait la supériorité de son dévouement,
324 530 718 591 c’est le sacrifice.
676 783 1626 856 Je me suis attardé à parler de ce déjeuner; je
318 851 1570 922 ne me lasse pas de chercher comment le Français peut marier en
324 919 1590 983 lui si étroitement et pourtant sans confusion, et l'idéal et la
320 990 1626 1054 matière. Et je me demande de plus en plus si la grande faiblesse,
324 1056 1566 1114 qui fait la juste impopularité des vertus trop rigides , n'est
322 1124 1562 1186 pas d'ignorer la complexité des sources de l’activité humaine.
324 1184 1645 1257 L’exemple de la nature est pourtant assez décisif ; cet arbre n’est
322 1261 1462 1316 couvert de fleurs que parce qu’il a le pied dans la boue.
674 1320 1604 1380 Mais arrêtons-nous. Je crains de vous scanda-
320 1384 1590 1450 liser. Rassurez-vous, le déjeuner de Sceaux-s/Huisnes a été si
318 1461 1549 1510 raisonnable, malgré ses raffinements, que je ne suis pas même
322 1519 1604 1581 arrivé en retard à l'étape suivante, à La Ferté-Bernard, ou l'on
320 1585 1548 1651 m'attendait. La Ferté-Bernard est, avec Nogent-le-Rotrou, la
318 1645 1643 1713 capitale du pays du Perche, célèbre par l'élevage et l’exportation
318 1720 1625 1785 de ses beaux chevaux. Les Américains les connaissent bien. J'ai
316 1790 1623 1847 toujours vu des acheteurs venir des Etats-Unis à La Ferté-Bernard
318 1860 1557 1915 et les populations m'ont su gré d’avoir dès longtemps compris,
294 1915 1595 1988 comme elles, l’avenir des relations franco-américaines. Pendant
