1734 2197
190 170 384 247 SENAT
640 100 933 179 LETTRE N° 588.
1008 208 1545 283 Paris, le l4 novembre 1919
541 488 1126 569 LA GREVE et "L'ILLUSTRATION"
825 655 1164 719 Mon cher Butler,
364 847 1646 922 La grève actuelle, à son grand regret, l’empêche d’utiliser vos
525 781 1682 853 Voici la réponse du rédacteur en chef de l'ILLUSTRATION"
368 924 1644 986 très intéressantes/photographies, comme il l’aurait certainement
369 997 820 1054 fait, en temps normal.
529 1063 1605 1122 C’est le revers de la médaille ; la grève des journaux
369 1125 1560 1186 est un phénomène et un accident très gênants pour beaucoup,
368 1191 1624 1252 mais je persiste à penser qu’elle est pour la dictature d e la
366 1266 1561 1329 presse un avertissement nécessaire et le commencement de la
369 1332 1646 1396 découverte du contre/poison ou du vaccin que réclament tous les
368 1398 1682 1466 honnêtes gens contre ce fléau moderne. Soyons patients. Atendons.
805 1499 1400 1569 Votre affectueusement dévoué,
1105 1559 1409 1664 ££
126 1658 942 1733 à Monsieur le Président M. Murray BUTLER
358 1730 551 1803 NEW YORK
