1735 2197
895 166 996 217 - 7 -
373 287 1566 366 à cheval sur les traditions monarchiques que leurs ancêtres
373 375 690 426 n'existent pas.
712 558 1608 624 Quelqu'un, parlant de cette nouvelle chambre
373 627 1625 688 d’après guerre, confirme ce que j'ai pensé tout de suite ; elle
375 701 1626 761 rappelle la fameuse "Chambre introuvable", celle de la Terreur
373 761 1659 827 Blanche, contre laquelle les libéraux de la Restauration combat-
377 833 1608 893 tirent si glorieusement, avec des chefs qui s'appelaient alors
373 904 1524 966 La Fayette, mon grand'oncle Benjamin Constant, le Général
375 964 648 1034 Foy, etc.....
377 1109 628 1166 ressuscitée.
712 1032 1606 1087 On a dit aussi ; c’est une chambre des Pairs
709 1166 1604 1226 Voyez, d'ailleurs, tous les journaux qui ont
375 1237 1515 1287 formé le bloc de droite, depuis le GAULOIS, le "FIGARO",
377 1301 1588 1356 l''ECHO de PARIS", l''ACTION FRANCAISE". "LA CROIX", jusqu'au
377 1360 1623 1428 "TEMPS", malheureusement et jusqu’aux "DEBATS", tous s’applau-
375 1435 1544 1492 dissent, comme d’un triomphe, du résultat, désastreux pour
375 1501 884 1565 la France, des élections.
710 1569 1571 1623 Ce que durera ce succès ? Encore une fois,
371 1631 1544 1689 attendons. Un ministère de gauche très-modérée, ne pouvant
375 1704 1604 1753 vivre que par l’appui de la droite, va se former, à la grande
371 1763 1582 1819 joie de M. Poincaré qui s’imaginera tromper une fois de plus
373 1838 1610 1894 l'opinion. On parle d’un ministère Millerand ; si Clemenceau,
375 1905 1562 1969 qui est artiste, décide de finir en beauté et de se retirer
