1768 2197
901 151 982 217 - 21 -
340 309 1595 377 le vin, leurs parfums comme la fleur ; les plus subtils parfums,
338 391 1665 444 non pas celui des gros raisins muscats, des fruits exotiques, mais
342 454 1445 512 je ne sais quel charme indéfinissable comme un sourire.
696 514 1645 578 Enfin j'ai déjeuné à Sceaux-s/Huisnes et quand
340 585 1564 638 je suis, le surlendemain, rentré à Créans, on a prétendu, non
340 646 1663 715 sans vérité peut-être, que je n'en disais pas autant de la cuisine
340 712 1656 781 de chez moi. Et la raison en est bien simble ; c’est que person,e
342 778 1643 834 dans une grande maison, n’a le pouvoir de s’occuper d’un déjeuner
338 847 1606 906 comme il faudrait ; il n’y a que Louis XIV qui ait pu manger un
338 915 1476 968 gigot comme celui de Sceaux- s/Huisnes, et encore s'il l'a
338 984 1575 1043 découpé : Quoi qu'il en soit j’ai déjeuné à Sceaux-s/Huisnes,
337 1049 1691 1107 voilà le fait, ou pour mieux dire, j’ai déjeuné au pays de Rabelais
338 1105 1566 1177 car la Touraine et le Maine se touchent et se ressemblent par
338 1173 1643 1243 bien des côtés. Demain, quand je déjeunerai à Chataigne, au pays
338 1248 1542 1303 des vignobles célèbres de la vallée du Loir, ce sera le même
338 1307 1645 1374 festin familial, avec cette différence, en plus, qu'on me sortira
337 1374 1571 1440 des grandes caves, qui sont une des spécialités de la contrée,
340 1439 1680 1501 quelques vieilles bouteilles des meilleures années et des meilleurs
338 1506 1604 1572 crus. Nos vins de la Sarthe n'ont pas grande réputation ; il en
1077 1486 1264 1530 ££
337 1580 1560 1636 est ainsi de beaucoup d’autres crus en France, qui rivalisent
335 1638 1621 1704 cependant avec nos grandes marques de la Bourgogne, du Bordelais
337 1702 1601 1764 et de la Champagne, mais nous les consommons sur place ; on les
333 1779 1522 1836 garde pour les déguster entre amis et aux jours de fête, en
337 1843 1549 1900 famille, plus qu'on ne les vend. Nos cidres sont supérieurs,
327 1911 1621 1977 aussi, en certaines localités, tout près de Créans, à ceux de la
333 1966 547 2035 Normandie.
