1791 2197
831 205 948 276 - 3 -
358 333 1692 402 dont vous connaissez la sage administration de rigoureuse économie,
357 406 1622 459 surtout pendant la guerre. En conséquence vous recevrez de deux
358 474 1518 525 sources distinctes le forfait de 2.000 francs en question.
357 525 1659 595 1.000 francs de la DOTATION CARNEGIE et 1.000 francs de la Conci-
360 606 1598 664 liation. Cela ne fera pas, pour vous, de différence ; pour moi,
360 677 1541 730 j'estime que la Conciliation doit tenir à honneur, comme la
358 739 871 792 DOTAT ION, de vous aider.
536 787 1677 858 Vous pourrez toucher dès aujourd'hui les deux versements,
357 878 1657 931 par anticipation, afin que cette affaire soit réglée sans retard.
360 931 1578 999 Ci-joint un chèque de 1.000 francs et une lettre de crédit de
358 994 675 1069 pareille somme.
