1751 2197
943 144 1056 197 - 3 -
424 238 1593 307 par-dessus tout, d'être exclusivement avec ceux qui défen-
424 314 1630 367 daient le Droit contre l'agression allemande. Elle a tenu à
423 371 1631 439 ne donner prise à aucune équivoque. Elle a d'ailleurs réglé
423 446 1630 499 strictement son attitude sur celle de la Conciliation ; c’est
428 510 1472 569 la conciliation qui a été son guide et sa direction.
721 576 1628 638 Restait à déterminer quelle serait notre atti-
423 640 1650 704 tude vis-à-vis des neutres. Cette attitude a été subordonnée
424 715 1551 768 aux nécessités de la guerre ; elle a dépendu moins de nos
423 779 1551 833 liens avec les neutres que des services qu'ils pouvaient
424 840 1609 902 rendre à la cause des Alliés. Nous avons réagi, autant que
423 913 1587 964 possible, contre l'inaction des neutres ; nous nous sommes
423 977 1578 1034 efforcés, soit de les mettre en mouvement pour nous aider,
424 1047 1549 1098 soit en tous cas de les éclairer sur leur devoir et leur
421 1105 598 1173 intérêt.
717 1171 1587 1232 En Suisse, nous nous sommes de plus en plus
421 1241 1586 1301 attachés le Prof. Nippold, qui a fait tout le possible, je
423 1307 1544 1373 dirais même l'impossible, pour essayer de s’opposer, au
421 1382 1595 1437 prix de sacrifices que bien peu connaissent et connaîtront,
419 1442 1622 1499 à la propagande allemande si admirablement organisée. Je lui
417 1503 1584 1567 demanderai tout à l’heure de nous résumer brièvement quels
417 1578 1419 1625 ont pu être les résultats de son action en Suisse.
714 1644 1578 1697 En Espagne, nous avions M. Sangro de Olano,
419 1709 1600 1766 le Secrétaire Général de la conciliation Internationale. Je
419 1766 1598 1830 tiens d'autant plus à lui rendre justice que le milieu dans
419 1839 1591 1902 lequel s’exerçait son action rendait sa tâche plus ingrate.
