1745 2197
739 100 860 161 - 5 -
360 203 1660 270 plus d'amis et d’alliés que sa politique, devenue juste l’opposé
362 267 1620 329 de la politique allemande, s'est inspirée ouvertement de notre
360 335 1620 393 propagande de conciliation. C'est ce que proclament autour de
364 406 1636 457 moi les hommes que n’aveugle pas la passion,-- et ils sont nom-
364 470 1618 532 breux --; j’entends dire souvent et on dira de plus en plus,:"
368 536 1636 598 "Nous nous sommes créé autant d'amis que l’Allemagne s’est fait
364 604 1660 664 d'ennemis ; c’est le résultat de notre politique pacifique. Nous
364 671 1660 734 récoltons ce que nous avons semé." En dehors de nos adversaires
364 734 1680 792 habituels et irréductibles et de leurs journaux éternellement les
358 805 1680 865 mêmes dans tous les pays, tous tiennent le même langage, et mieux
364 873 1658 937 encore, tous ne font plus qu’un: intellectuels, ouvriers, riches
364 946 1658 999 et pauvres, réactionnaires, socialistes et pacifistes, tous sont
362 1006 1609 1078 partis d'un même coeur pour la défense du droit et de la paix
562 1074 1582 1138 Mais je ne veux pas anticiper sur la lettre que je
366 1138 1655 1204 dois vous écrire ; j’ai voulu pour aujourd'hui, que vous sachiez
366 1212 1437 1274 que nous pensons moins à nos souffrances qu'à nos de-
366 1283 1620 1336 voirs. Dans ma prochaine lettre j’envisagerai, avec les origi-
366 1338 1635 1407 nes de la guerre, l’avenir qui va s’ouvrir pour notre concilia-
366 1411 1618 1468 tion. C’est une organisation nouvelle qui surgira de l’ancien-
364 1470 1591 1532 ne; nous avons dès maintenant à l’envisager et à la préparer,
364 1539 622 1603 vous et moi.
569 1585 1660 1666 Combien j’ai regretté de ne pas pouvoir arriver à vous
366 1680 1560 1733 voir avant votre départ pour les Etats-Unis ; je suis encore
366 1742 1675 1796 heureux que vous avez pu partir, car, au milieu des jours terri-
364 1803 1611 1871 bles que va traverser l’Europe, et qui sont à peine commencée
364 1872 1638 1933 je pense aux immenses services que vous êtes appelé, maintenant
364 1937 1638 2004 plus que jamais, à rendre dans le nouveau monde et au rôle pro-
