1745 2197
774 117 893 166 - 7 -
391 205 964 276 la coalition anti-allemande.
589 274 1673 346 En deux mots, la guerre actuelle, - si atroce qu'elle
391 349 1651 410 ait été déjà et qu’elle puisse être encore, - n’aura été qu’un
391 413 1609 476 commencement, le début de guerres continuelles où le nouveau
391 470 1666 543 monde finira par être entrainé, si nous ne laisons pas à l'Al-
393 541 1609 600 lemagne vaincue, mais vivante quand même, des raisons et des
390 606 1679 681 moyens de vivre ; on peut vaincre, exterminer des armées,on n’ex-
390 677 1587 745 termine pas un peuple de 70 millions d’habitants. Il faudra
388 750 1629 812 donc faire à l’Allemagne une place qui lui permette d’exercer
390 812 1624 878 son activité féconde dans les luttes de la concurence univer-
388 875 1508 948 selle. Si nous cédons à la tentation d’en finir avec la
391 939 1686 1006 concurrence allemande, nous n’en finirons ni avec la concurrence
386 1010 1666 1083 ni avec la guerre. Je n'ai cessé de dire cela depuis des années
384 1080 1624 1140 à nos amis anglais, grisés par les théories de Chamberlin. Je
384 1149 1625 1213 vois sans surprise mais avec peine les journaux bien pensants
386 1208 1642 1283 de Londres et de Paris faire miroiter devant les yeux de leurs
384 1276 1583 1349 lecteurs cette idée absurde que la guerre tuera le commerce
384 1342 1660 1418 extérieur allemand, tandis que la production nationale anglaise
386 1409 1582 1475 et française s’enrichira sans rivale et par conséquent sans
382 1473 536 1547 effort.
569 1541 1616 1614 La place doit être faite à l'Allemagne, de Berlin à
380 1612 1635 1682 Vienne, dans l’organisation d’une confédération générale Euro-
380 1669 1633 1748 péenne qui donnerait pleine satisfaction à l'Italie à Trieste,
384 1744 1556 1812 installerait le Gouvernement Turc en Asie, reconstituerait
380 1808 1631 1878 l'accord des Etats chrétiens Balkaniques, donnerait à la Polo-
379 1872 1614 1949 gne, au Danemark, à la Finlande même, si possible, comme à la
379 1942 1607 2010 Hongrie, à la Roumanie et, bien entendu, à l’Alsace-Lorraine,
379 2008 1633 2077 la libre disposition de leurs destinées. Ainsi se trouveraient
