1731 2197
697 104 996 168 LETTRE N° 587.
206 214 410 294 SENAT
1084 285 1622 371 Paris, le 14 novembre 1919
547 492 1225 580 TARDIEU VERSUS FRANKLIN-BOUILLON
919 677 1263 756 Mon cher Butler,
549 814 1663 893 Trois hommes, dans ces derniers temps, pouvaient rendre
386 876 1688 959 des services précieux à la France, par leurs relations à l'étran-
384 944 1690 1017 ger et par leur connaissance des choses de l’extérieur FRANKLIN
390 1016 1661 1093 BOUILLON. TARDIEU et moi. FRANKLIN et TARDIEU ont été plus ou
386 1087 1621 1160 moins d’accord avec le Gouvernement pour me supprimer dans la
386 1153 1621 1228 mesure possible ; et maintenant ils s’acharnent à se supprimer
388 1222 1599 1296 l’un l’autre. C'est la faiblesse des démocraties, dira-t-on?
386 1285 1655 1362 Non, il en a toujours été ainsi en France, dans tous les temps,
388 1354 1655 1429 et plus encore sous l’ancien régime qu’aujourd 'hui. N’oublions
386 1424 1677 1495 pas le sort de tous les hommes d’initiative qui ont voulu servir
388 1490 1670 1563 la France loin de Paris ou de Versailles, depuis DUPLEIX, LALLY
388 1554 1635 1631 TOLLENDAL, LASSALLE, jusqu’à de LESSEPS et tant d’autres......
547 1620 1659 1697 Tout homme, en France, qui surgit pour faire du nouveau
388 1691 1685 1770 ou simplement pour faire le bien, indépendamment de l’administra-
386 1755 1536 1836 tion, du Gouvernement, de la presse et de la Société, est
130 1880 939 1951 à Monsieur le Président N. Murray BUTLER
349 1948 516 2026 NEW YORK
