1747 2197
188 214 434 309 SÉNAT
283 73 510 248 ££
851 159 1089 238 LETTRE 531.
1107 360 1507 426 PARIS, 12 Mai 1919.
379 560 1633 640 LA LIBERTÉ MAIS ELLE RESTE, EN OUTRE, UNE PROIE BIEN TENTANTE.
472 494 1369 562 PRENEZ GARDE. LA FRANCE EST LA FRONTIERE DE
886 730 1226 794 Mon cher Butler,
375 948 1521 1014 dernière lettre du 25 Avril, que la sécurité de la France
716 880 1485 944 Vous avez/raison de me dire, dans votre
377 1017 1545 1083 est la clef de voûte de l'édifice de la société future des
373 1082 556 1147 Nations.
375 1219 1582 1283 agressions de surprise et de violence, parce qu’elle sera la
710 1146 1563 1206 La France sera de plus en plus exposée aux
377 1279 1598 1347 frontière de la liberté, c’est-à-dire l'obstacle à la domina-
377 1352 1501 1413 tion ; il faudra qu’elle succombe pour que la liberté du
371 1418 1591 1475 monde soit atteinte et la paix du droit abolie ; et en effet,
371 1477 1556 1536 si elle succombe, l'Océan, comme l’air, comme la terre, les
371 1541 1615 1605 mondes anciens et nouveaux, l’univers enfin ne sera plus qu’un
371 1612 1003 1677 champ de carnage, un cimetière.
375 1744 1613 1819 qu’elle sera faible ; en dépit des mensonges nationalistes, sa
706 1678 1595 1737 La France sera de plus en plus exposée parce
371 1810 1563 1878 victoire l’aura épuisée ; quatre millions de ses défenseurs,
133 1993 1067 2074 à Monsieur le Président Nicholas Murray BUTLER.
