1745 2197
900 140 1038 190 - 14 -
424 263 1560 333 en Autriche, l’admirable LAMMASCH, cette pure conscience,
424 342 1406 393 qui a persévéré dans ses idées d’avant la guerre.
419 435 723 505 M. O.NIPPOLD. -
911 433 1622 501 Oui, cela est exact. Cependant. si
421 505 1547 565 M. LAMMASCH avoue personnellement les fautes qui ont été
421 573 1263 633 commises, il ne l'a pas fait publiquement.
417 662 781 735 M. le PRÉSIDENT.-
913 666 1591 726 Il y a aussi le Prince LICHNOWSKY,
422 735 1583 796 le Professeur MUHLON, GRILLING, dont/vous parliez ; mais il
422 803 1301 864 faut reconnaître que ce sont des exceptions.
417 900 717 963 M. O.NIPPOLD, -
911 898 1558 959 D'ailleurs, chacun d’eux revient
417 963 1549 1025 d’Allemagne aussi désappointé que le professeur FOERSTER,
413 1034 1541 1093 après avoir constaté que la République allemande n'a pas
415 1093 1578 1153 changé la mentalité du peuple allemand. MUHLON n'a trouvé
413 1164 1558 1219 personne à Berlin avec qui causer. GRILLING avait offert
415 1224 1675 1290 ses services à la Wilhemstrasse pour une histoire de la guerre
411 1298 1541 1360 malgré l'intérêt que présentait son offre, on l'a trouve
415 1362 1519 1420 compromettante et laissée de côté. A MUHLON on préfère
413 1420 1499 1497 SCHEIDEIMANN qui, lui, n’a jamais cessé de soutenir le
411 1493 1534 1550 Gouvernement pendant toute la durée de la guerre. On se
415 1558 1631 1629 demande alors à quoi a servi le changement du système gouver-
408 1634 1554 1684 nemental puisque la République allemande socialiste a une
410 1693 1569 1763 politique aussi impérialiste que celle de l’ancien gouver-
408 1759 759 1818 nement autocrate.
404 1849 761 1931 M. le PRÉSIDENT,-
919 1858 1556 1920 Je sais que vous avez obtenu en
