<?xml version="1.0" encoding="UTF-8"  standalone="yes"?>
<PcGts xmlns="http://schema.primaresearch.org/PAGE/gts/pagecontent/2019-07-15" xmlns:xsi="http://www.w3.org/2001/XMLSchema-instance" xsi:schemaLocation="http://schema.primaresearch.org/PAGE/gts/pagecontent/2019-07-15 http://schema.primaresearch.org/PAGE/gts/pagecontent/2019-07-15/pagecontent.xsd">
  <Metadata>
	<Creator>escriptorium</Creator>
	<Created>2022-07-21T12:02:33.135136+00:00</Created>
        <LastChange>2022-07-21T12:02:33.135158+00:00</LastChange>

  </Metadata>
  <Page imageFilename="FRAD072_12J386_lettre0512_005.jpg" imageWidth="1740" imageHeight="2197">

    

    
    <TextRegion id="eSc_dummyblock_">
    
    
      <TextLine id="eSc_line_8fde6e3a" >
        <Coords points="835,228 835,252 950,243 952,225 948,192 833,192 835,228"/>
        <Baseline points="835,228 952,225"/>
        <TextEquiv>
          <Unicode>- 5 -</Unicode>
        </TextEquiv>
      </TextLine>

    
    
      <TextLine id="eSc_line_e2f4c924" >
        <Coords points="401,362 401,388 1142,386 1142,357 1137,318 1067,331 968,322 945,320 943,320 941,320 939,320 937,322 926,333 831,333 815,325 805,322 804,322 802,322 800,322 798,322 798,324 794,325 787,333 675,329 578,325 576,325 575,325 573,325 565,331 562,333 558,331 553,325 551,325 549,325 465,324 463,324 399,335 401,362"/>
        <Baseline points="401,362 1142,357"/>
        <TextEquiv>
          <Unicode>administration militaire et la nôtre.</Unicode>
        </TextEquiv>
      </TextLine>

    
    
      <TextLine id="eSc_line_6bbb821f" >
        <Coords points="399,496 399,516 1653,521 1657,492 1653,468 1587,457 1586,457 1584,457 1562,466 1430,457 1428,457 1426,457 1424,457 1408,468 1170,468 1146,457 1144,457 1142,457 1141,457 1139,457 1126,466 1060,459 1058,459 1056,459 1023,468 979,459 978,459 976,459 954,468 798,459 796,459 794,459 761,468 490,459 489,459 397,470 399,496"/>
        <Baseline points="399,496 1657,492"/>
        <TextEquiv>
          <Unicode>lheur d&#39;écrire cela en France on me répondrait: primo que c’est</Unicode>
        </TextEquiv>
      </TextLine>

    
    
      <TextLine id="eSc_line_2b36dc58" >
        <Coords points="542,430 542,448 1659,443 1659,424 1657,397 1624,384 1622,384 1620,384 1536,397 1534,397 1533,397 1494,384 1492,384 1399,384 1397,384 1395,384 1342,399 1170,399 1164,399 1126,386 1124,386 1122,386 1120,386 1119,386 1119,388 1106,399 945,389 943,389 941,389 939,389 924,399 906,389 904,389 902,389 901,389 868,400 848,388 846,388 844,388 761,388 760,388 758,388 727,402 589,402 556,388 554,388 553,388 551,388 549,388 549,389 540,397 542,430"/>
        <Baseline points="542,430 1659,424"/>
        <TextEquiv>
          <Unicode>Il est vrai que, même la guerre finie, si j’avais le ma-</Unicode>
        </TextEquiv>
      </TextLine>

    
    
      <TextLine id="eSc_line_a2c2eba5" >
        <Coords points="388,562 390,593 426,582 459,593 461,593 463,593 465,595 511,595 511,593 512,593 514,593 527,582 602,582 619,591 620,593 622,593 624,593 626,593 668,591 804,580 835,589 846,591 848,591 849,591 879,587 945,580 954,587 957,591 959,591 961,591 963,591 1133,589 1135,589 1152,585 1181,578 1245,584 1304,589 1305,589 1520,580 1520,556 1516,530 1254,523 1252,523 1194,532 1185,532 1179,532 1141,523 1139,523 1062,532 1042,534 1016,532 915,525 913,525 912,525 910,525 910,527 902,534 901,536 778,536 778,534 769,527 769,525 767,525 765,525 763,525 386,536 388,562"/>
        <Baseline points="388,562 1520,556"/>
        <TextEquiv>
          <Unicode>inexact et secundo qu’il est patriotique de ne rien dire.</Unicode>
        </TextEquiv>
      </TextLine>

    
    
      <TextLine id="eSc_line_f8024d9b" >
        <Coords points="397,692 397,717 441,730 443,730 445,732 512,732 512,730 514,730 516,730 527,721 529,719 545,721 626,730 628,730 630,730 648,723 661,717 666,723 672,728 674,728 675,728 677,728 679,728 696,723 716,717 763,717 771,725 774,726 774,728 776,728 778,728 780,728 782,728 796,725 822,719 924,726 926,688 923,668 395,660 397,692"/>
        <Baseline points="397,692 926,688"/>
        <TextEquiv>
          <Unicode>malfaisant du patriotisme.</Unicode>
        </TextEquiv>
      </TextLine>

    
    
      <TextLine id="eSc_line_3b0b490a" >
        <Coords points="540,626 540,648 593,659 595,659 657,649 663,649 668,649 749,659 750,660 987,660 987,659 989,659 1011,651 1022,649 1580,655 1582,626 1582,596 540,596 540,626"/>
        <Baseline points="540,626 1582,626"/>
        <TextEquiv>
          <Unicode>Toujours et partout la même caricature, le même abus</Unicode>
        </TextEquiv>
      </TextLine>

    
    
      <TextLine id="eSc_line_6c933111" >
        <Coords points="868,789 866,812 890,823 891,823 893,823 946,814 963,827 965,827 967,827 968,829 1075,829 1075,827 1076,827 1093,818 1100,814 1119,820 1153,829 1155,829 1157,829 1159,829 1188,822 1212,816 1439,829 1443,792 1441,759 868,759 868,789"/>
        <Baseline points="868,789 1443,792"/>
        <TextEquiv>
          <Unicode>Votre affectueusement dévoué</Unicode>
        </TextEquiv>
      </TextLine>

    
    
      <TextLine id="eSc_line_2d7ee5d1" >
        <Coords points="1005,948 1005,968 1033,963 1047,968 1064,975 1065,975 1067,975 1126,968 1174,963 1183,968 1196,977 1197,977 1199,977 1201,979 1282,979 1282,977 1283,977 1285,977 1298,968 1304,964 1324,968 1379,977 1381,977 1382,977 1406,968 1408,966 1412,968 1428,975 1430,975 1432,975 1434,975 1435,975 1435,974 1443,968 1448,963 1503,966 1505,948 1505,920 1472,909 1470,909 1468,909 1467,909 1465,909 1465,911 1454,922 1428,911 1426,911 1424,911 1423,911 1386,922 1382,924 1267,924 1265,922 1238,902 1236,902 1234,902 1175,902 1174,902 1172,902 1170,902 1144,920 1130,909 1128,909 1126,909 1124,909 1067,919 1053,908 1053,906 1051,906 1049,906 1047,906 1045,906 1005,922 1005,948"/>
        <Baseline points="1006,950 1506,950"/>
        <TextEquiv>
          <Unicode>££</Unicode>
        </TextEquiv>
      </TextLine>

    
    
      <TextLine id="eSc_line_3db1adc2" >
        <Coords points="195,1186 195,1213 364,1210 408,1217 423,1219 424,1219 426,1219 435,1217 467,1210 543,1217 597,1222 598,1222 655,1219 771,1208 816,1219 827,1221 829,1221 853,1219 930,1212 990,1212 1000,1219 1007,1182 1000,1144 965,1155 778,1147 738,1146 736,1146 717,1147 666,1155 644,1149 633,1146 631,1146 630,1146 608,1149 569,1158 511,1158 505,1151 501,1149 501,1147 500,1147 498,1147 496,1147 194,1155 195,1186"/>
        <Baseline points="195,1186 1007,1182"/>
        <TextEquiv>
          <Unicode>à Monsieur le Président N. Murray BUTLER</Unicode>
        </TextEquiv>
      </TextLine>

    
    
      <TextLine id="eSc_line_b00a1535" >
        <Coords points="393,1252 393,1292 543,1296 545,1296 547,1296 575,1285 575,1248 571,1224 391,1222 393,1252"/>
        <Baseline points="393,1252 575,1248"/>
        <TextEquiv>
          <Unicode>NEW YORK</Unicode>
        </TextEquiv>
      </TextLine>

    
    </TextRegion>
    
  </Page>
</PcGts>
