1774 2197
952 142 1097 205 - 4 -
331 269 1599 338 puis à Sillé-le-Guillaume. ££à c’est un changement de décor. La
331 335 1618 397 douce vallée du Loir, et celle de la Sarthe ont fait place à des
331 408 1618 472 panoramas qui seraient majestueux si les collines et les vallons
333 483 1656 529 n’étaient, à l'infini, divisés en touves petites propriétés.... Il
331 547 1669 598 n'y a pas d'habitants ! semble-t-il. On ne voit que de la culture.
333 606 1559 666 Mais une culture si soignée, si raffinée qu'on se rend compte
333 673 1656 741 des convoitises qu’un pareil pa(y)s peut inspirer à ses voisins sur-
333 737 1610 801 peuplés. Le vieux château gothique, aux donjons encore intacts,
335 803 1620 865 par bonheur, domine toute la région jusqu'au département voisins,
333 869 1640 926 la Mayenne, dont les lignes bleues sont un appel. Loin de perdre
331 933 1656 999 de sa valeur, la terre a augmenté du double et du triple depuis la
331 1001 1636 1061 guerre ; les notaires que je rencontre me disent qu’ils ont vendu
333 1065 1636 1131 pour des millions de fermes. La propriété seigneuriale qui était
333 1135 1636 1191 passée peu à peu, presque toute, aux mains des bourgeois, devient
329 1197 1572 1265 paysanne ; nombre de fermiers dépossèdent leurs propriétaires,
333 1265 1618 1329 lesquels ne savent pas, eux, et ne peuvent pas faire valoir leur
335 1334 1669 1387 bien par leur travail. C'est le travail qui est ici le conquérant.
329 1396 1618 1461 Et c’est pourquoi on dit que la campagne ne sera pas socialiste ;
333 1471 1638 1523 C’est pourquoi, en tous cas, elle ne sera pas révolutionnaire. On
333 1536 1676 1589 en abuse, dans les milieux conservateurs pour opposer les campagnes
333 1603 1598 1653 aux villes, les paysans qui sont restés cinq ans dans les tran-
331 1664 1618 1724 chées aux ouvriers mis en sursis dans les chemins de fer et dans
335 1733 1687 1792 les usines. Grave conflit qu'il faudrait prévenir et non envenimer.
727 1799 1588 1858 Je quitté Sillé après avoir fait compléter,
331 1856 1605 1927 par des mains amies, comme je le ferai tout le long de la route,
