<?xml version="1.0" encoding="UTF-8"  standalone="yes"?>
<PcGts xmlns="http://schema.primaresearch.org/PAGE/gts/pagecontent/2019-07-15" xmlns:xsi="http://www.w3.org/2001/XMLSchema-instance" xsi:schemaLocation="http://schema.primaresearch.org/PAGE/gts/pagecontent/2019-07-15 http://schema.primaresearch.org/PAGE/gts/pagecontent/2019-07-15/pagecontent.xsd">
  <Metadata>
	<Creator>escriptorium</Creator>
	<Created>2022-07-21T12:02:33.914646+00:00</Created>
        <LastChange>2022-07-21T12:02:33.914667+00:00</LastChange>

  </Metadata>
  <Page imageFilename="FRAD072_12J387_lettre0585_001.jpg" imageWidth="1733" imageHeight="2197">

    

    
    <TextRegion id="eSc_dummyblock_">
    
    
      <TextLine id="eSc_line_b38a5848" >
        <Coords points="234,168 234,199 432,199 432,164 426,129 232,139 234,168"/>
        <Baseline points="234,168 432,164"/>
        <TextEquiv>
          <Unicode>SENAT</Unicode>
        </TextEquiv>
      </TextLine>

    
    
      <TextLine id="eSc_line_b73407a8" >
        <Coords points="725,129 725,153 1020,153 1020,126 1016,102 723,97 725,129"/>
        <Baseline points="725,129 1020,126"/>
        <TextEquiv>
          <Unicode>LETTRE N° 585.</Unicode>
        </TextEquiv>
      </TextLine>

    
    
      <TextLine id="eSc_line_1024ac39" >
        <Coords points="1022,263 1022,291 1575,292 1577,259 1573,236 1020,230 1022,263"/>
        <Baseline points="1022,263 1577,259"/>
        <TextEquiv>
          <Unicode>Paris, le 13 novembre 1919.</Unicode>
        </TextEquiv>
      </TextLine>

    
    
      <TextLine id="eSc_line_81b4ada2" >
        <Coords points="505,433 505,465 1370,466 1373,430 1368,389 1260,400 1188,391 1166,389 1165,389 1163,389 1155,391 1132,400 1055,393 1018,391 1016,391 987,395 948,400 934,397 921,391 919,391 917,391 915,391 901,397 882,402 864,397 844,391 842,391 840,391 839,391 820,399 807,404 714,404 694,400 632,391 630,391 503,402 505,433"/>
        <Baseline points="505,433 1373,430"/>
        <TextEquiv>
          <Unicode>LE MECANISNE de la CALOMNIE INTERNATIONALE -</Unicode>
        </TextEquiv>
      </TextLine>

    
    
      <TextLine id="eSc_line_3b5ec861" >
        <Coords points="452,503 452,534 672,543 674,543 675,543 677,543 690,534 692,534 824,541 826,541 828,541 859,532 862,532 866,532 928,541 930,541 932,541 934,541 947,532 948,532 952,532 1104,540 1106,540 1108,540 1141,530 1144,530 1155,530 1298,540 1300,540 1302,540 1331,530 1496,538 1498,538 1582,527 1584,496 1575,463 1566,472 1366,472 1350,463 1346,461 1344,461 1342,461 1324,463 1264,472 1071,463 1035,463 1033,463 1031,463 1029,463 1029,465 1011,474 756,465 734,465 732,465 730,465 729,465 692,476 450,466 452,503"/>
        <Baseline points="452,503 1584,496"/>
        <TextEquiv>
          <Unicode>(A propos de la LÉGENDE de l&#39;OFFENSIVE du 16 avril 1917)</Unicode>
        </TextEquiv>
      </TextLine>

    
    
      <TextLine id="eSc_line_5f53a3e0" >
        <Coords points="848,668 848,686 1183,695 1185,664 1181,637 846,637 848,668"/>
        <Baseline points="848,668 1185,664"/>
        <TextEquiv>
          <Unicode>Mon cher Butler,</Unicode>
        </TextEquiv>
      </TextLine>

    
    
      <TextLine id="eSc_line_01be0f69" >
        <Coords points="386,865 384,891 1663,895 1667,873 1663,836 1027,842 386,829 386,865"/>
        <Baseline points="386,865 1667,873"/>
        <TextEquiv>
          <Unicode>pièce, l’infernal mécanisme de la diffamation internationale. €C€</Unicode>
        </TextEquiv>
      </TextLine>

    
    
      <TextLine id="eSc_line_6594ab5b" >
        <Coords points="547,803 547,823 1639,822 1641,800 1635,767 1368,770 1353,768 1318,761 1317,761 1315,761 1298,768 1293,770 1289,768 1267,761 1265,761 1264,761 1262,761 1260,761 1249,768 1245,772 1124,772 1121,770 1095,761 1093,761 1091,761 765,772 710,763 708,763 707,763 675,772 600,763 599,763 545,774 547,803"/>
        <Baseline points="547,803 1641,800"/>
        <TextEquiv>
          <Unicode>Je ne me lasserai pas de démonter devant vous, pièce à</Unicode>
        </TextEquiv>
      </TextLine>

    
    
      <TextLine id="eSc_line_7507ed8f" >
        <Coords points="392,931 390,950 1599,963 1602,939 1601,915 392,900 392,931"/>
        <Baseline points="392,931 1602,939"/>
        <TextEquiv>
          <Unicode>Cela devient si simple que la conscience de tous les gens de</Unicode>
        </TextEquiv>
      </TextLine>

    
    
      <TextLine id="eSc_line_f4f91694" >
        <Coords points="392,999 392,1023 1115,1023 1137,1025 1194,1032 1196,1032 1366,1025 1395,1025 1399,1025 1425,1034 1427,1034 1428,1034 1661,1025 1663,1008 1661,974 392,974 392,999"/>
        <Baseline points="392,999 1663,1008"/>
        <TextEquiv>
          <Unicode>bonne foi finira par se révolter contre cet empoisonnement sys-</Unicode>
        </TextEquiv>
      </TextLine>

    
    
      <TextLine id="eSc_line_3c72efdf" >
        <Coords points="392,1067 390,1087 474,1098 476,1098 992,1091 1071,1100 1073,1100 1601,1091 1602,1071 1601,1045 1018,1045 1007,1038 998,1034 996,1034 994,1034 824,1036 446,1041 392,1032 392,1067"/>
        <Baseline points="392,1067 1602,1071"/>
        <TextEquiv>
          <Unicode>tématique de l’opinion, empoisonnement plus criminel et plus</Unicode>
        </TextEquiv>
      </TextLine>

    
    
      <TextLine id="eSc_line_df62439b" >
        <Coords points="392,1136 392,1157 1093,1160 1095,1136 1095,1109 392,1105 392,1136"/>
        <Baseline points="392,1136 1095,1136"/>
        <TextEquiv>
          <Unicode>funeste que celui de€s€ l’alcolisme.</Unicode>
        </TextEquiv>
      </TextLine>

    
    
      <TextLine id="eSc_line_c117bf90" >
        <Coords points="544,1202 542,1226 1676,1226 1678,1208 1674,1173 544,1173 544,1202"/>
        <Baseline points="544,1202 1678,1208"/>
        <TextEquiv>
          <Unicode>A beau mentir qui vient de loin, dit, avec raison, notre</Unicode>
        </TextEquiv>
      </TextLine>

    
    
      <TextLine id="eSc_line_4d61086c" >
        <Coords points="388,1268 386,1287 1635,1294 1639,1276 1639,1252 388,1244 388,1268"/>
        <Baseline points="388,1268 1639,1276"/>
        <TextEquiv>
          <Unicode>vieux proverbe français, une calomnie nationale est assez vite</Unicode>
        </TextEquiv>
      </TextLine>

    
    
      <TextLine id="eSc_line_194196a0" >
        <Coords points="384,1336 382,1354 401,1363 403,1363 404,1363 1115,1360 1397,1371 1399,1371 1635,1362 1637,1345 1637,1320 1604,1310 1602,1310 1601,1310 1392,1318 1379,1309 1377,1309 1375,1309 1373,1309 1146,1316 1135,1307 1133,1307 1132,1307 1130,1307 384,1310 384,1336"/>
        <Baseline points="384,1336 1637,1345"/>
        <TextEquiv>
          <Unicode>usée et percée à jour, si elle reste à la portée des vérifica-</Unicode>
        </TextEquiv>
      </TextLine>

    
    
      <TextLine id="eSc_line_64ddb9f9" >
        <Coords points="386,1406 384,1428 1635,1431 1639,1409 1637,1384 386,1380 386,1406"/>
        <Baseline points="386,1406 1639,1409"/>
        <TextEquiv>
          <Unicode>tions nationales. Il n&#39;en est pas de même si elle est importée</Unicode>
        </TextEquiv>
      </TextLine>

    
    
      <TextLine id="eSc_line_9bab5dc0" >
        <Coords points="384,1471 382,1490 1615,1495 1619,1477 1617,1451 384,1444 384,1471"/>
        <Baseline points="384,1471 1619,1477"/>
        <TextEquiv>
          <Unicode>de l&#39;étranger. XXXXXXX Alors elle/arrive avec une apparence</Unicode>
        </TextEquiv>
      </TextLine>

    
    
      <TextLine id="eSc_line_5f6326e8" >
        <Coords points="384,1537 382,1565 1652,1570 1656,1545 1656,1519 384,1512 384,1537"/>
        <Baseline points="384,1537 1656,1545"/>
        <TextEquiv>
          <Unicode>d’universalité plus impressionnante. Elle semble tomber de plus</Unicode>
        </TextEquiv>
      </TextLine>

    
    
      <TextLine id="eSc_line_95f90905" >
        <Coords points="384,1605 386,1640 434,1629 507,1636 547,1640 549,1640 738,1627 738,1605 738,1578 384,1576 384,1605"/>
        <Baseline points="384,1605 738,1605"/>
        <TextEquiv>
          <Unicode>haut, de partout.</Unicode>
        </TextEquiv>
      </TextLine>

    
    
      <TextLine id="eSc_line_c0c4a8e4" >
        <Coords points="542,1673 540,1691 1672,1699 1676,1680 1676,1647 542,1644 542,1673"/>
        <Baseline points="542,1673 1676,1680"/>
        <TextEquiv>
          <Unicode>Mais comment s’organise cette importation? Spontanément?</Unicode>
        </TextEquiv>
      </TextLine>

    
    
      <TextLine id="eSc_line_e928ab71" >
        <Coords points="382,1741 382,1764 1144,1764 1148,1766 1159,1774 1161,1774 1163,1774 1165,1774 1361,1766 1383,1766 1386,1766 1421,1775 1423,1775 1425,1775 1656,1766 1657,1750 1656,1717 382,1715 382,1741"/>
        <Baseline points="382,1741 1657,1750"/>
        <TextEquiv>
          <Unicode>Non, bien entendu. Elle est provoquée, patiemment organisée par</Unicode>
        </TextEquiv>
      </TextLine>

    
    
      <TextLine id="eSc_line_0cd37e1e" >
        <Coords points="382,1808 381,1832 498,1843 500,1843 501,1843 518,1834 522,1832 527,1834 540,1841 542,1841 544,1841 666,1836 776,1832 813,1838 851,1845 853,1845 855,1845 877,1839 897,1834 921,1839 943,1845 945,1845 947,1845 970,1839 1000,1834 1049,1841 1079,1845 1080,1845 1082,1845 1097,1841 1130,1834 1174,1843 1199,1847 1201,1847 1225,1843 1271,1836 1344,1845 1368,1847 1370,1847 1403,1845 1538,1836 1553,1847 1555,1847 1557,1847 1558,1849 1606,1849 1608,1814 1606,1786 382,1783 382,1808"/>
        <Baseline points="382,1808 1608,1814"/>
        <TextEquiv>
          <Unicode>les calomniateurs nationaux en quête de renfort et de crédit.</Unicode>
        </TextEquiv>
      </TextLine>

    
    
      <TextLine id="eSc_line_f513aed6" >
        <Coords points="161,1962 245,1973 247,1973 974,1968 976,1946 976,1918 958,1907 956,1907 954,1907 952,1907 950,1907 948,1907 932,1918 800,1918 738,1918 734,1916 714,1907 712,1907 710,1907 610,1915 602,1915 599,1915 562,1905 560,1905 558,1905 390,1911 185,1916 166,1905 163,1942 161,1962"/>
        <Baseline points="163,1942 976,1946"/>
        <TextEquiv>
          <Unicode>à Monsieur le Président N. Murray BUTLER</Unicode>
        </TextEquiv>
      </TextLine>

    
    
      <TextLine id="eSc_line_f5f47491" >
        <Coords points="410,2017 410,2048 457,2057 459,2057 606,2046 606,2010 600,1977 408,1986 410,2017"/>
        <Baseline points="410,2017 606,2010"/>
        <TextEquiv>
          <Unicode>NEW YORK</Unicode>
        </TextEquiv>
      </TextLine>

    
    </TextRegion>
    
  </Page>
</PcGts>
