1737 2197
764 73 1581 151 Clermont-Créans (Sarthe) le 18 Septembre.
1467 122 1562 177 1914
687 355 791 428 N° 5
544 476 879 556 Mon cher Butler,
569 574 1533 651 Je reçois régulièrement ici votre courrier de/s
371 642 1652 719 Etats-Unis, celui d'Angleterre, de Suisse, de Russie et la plu-
371 717 1632 787 part des pays autres que l’Allemagne et l'Autriche isolées ma-
379 779 1572 862 tériellement autant que moralement du reste de l'Europe. Je
375 844 1555 926 vous remercie pour vos journaux illustrés trés appréciés à
379 913 1557 994 Créans, de même que vos "cuttings", si j’avais pu avoir en
377 988 1617 1063 double ou même en triple exemplaire le compte rendu homérique
375 1047 1625 1122 de votre expédition des Argonautes sur le "Principe di Udine "
379 1114 1606 1197 j'en aurais fait plusieurs heureux ; je l’ai confié à Ruyssen,
377 1182 1599 1263 avec prière de le résumer pour la "paix par le Droit", comme
379 1255 1117 1321 un document historique de la guerre.
579 1316 1561 1389 Les opérations militaires se poursuivent dans le
384 1380 1562 1459 sens que vous faisaient prévoir mes précédentes lettres et
382 1451 1581 1530 en dépit de toute apparence contraire. La violence a manqué
384 1521 1583 1594 son coup ; elle aura beau redoubler de rage, elle remportera
382 1578 1621 1660 peut-être encore d'inutiles victoires, mais elle ne peut plus
386 1658 1605 1724 faire que du mal : malheureusement elle en peut faire et elle
386 1726 1586 1786 en fait encore beaucoup ; elle ravage la France comme elle a
386 1785 1605 1863 ravagé la Belgique systématiquement. Il fallait s’y attendre
388 1850 1645 1929 l'orgueil d’un Empire ne se laisse pas abattre sans une lutte
386 1922 1586 1993 acharnée ; le Gouvernement Allemand dispose des forces vives
388 1995 1566 2063 d'un peuple jeune et en pleine croissance. Un jour viendra
