1749 2197
913 137 1053 195 - 10 -
419 258 1624 325 permanente dont nous jouissons n'aurait plus guère d’intérêt
419 338 1624 391 si nous entrions dans une Ligue des peuples. Nous ne savons
421 400 1564 465 que trop d’ailleurs, par l’exemple de la Belgique, ce que
421 463 1684 525 vaut cette neutralité lorsque c’est l’Allemagne qui la garantit.
419 527 1607 591 Mais les Suisses, d'une facon générale, n'en sont pas moins
423 604 1606 660 très épris de leur neutralité. Il faut donc arriver à leur
421 666 1525 726 faire comprendre quels avantages un petit pays comme le
419 734 1604 787 nôtre trouverait à faire partie d'une Ligue des Nations, et
421 790 1587 860 combien sa neutralité serait plus sûrement défendue par le
419 854 1662 928 concours de toutes ces Nations que par trois ou quatre d'entre
421 930 1525 986 elles. Mais le changement d'idées doit être si radical
424 997 1065 1061 qu’il sera laborieux à réaliser.
719 1054 1664 1125 Cette question est liée à celle de/la propagande
424 1131 1586 1188 étrangère en Suisse. Cette propagande a joué un rôle très
421 1197 1545 1257 fâcheux dans le pacifisme suisse. Nes amis et moi, nous
421 1257 1529 1327 avons toujours combattu le défaitisme. De son côté, la
419 1329 1606 1384 Société Suisse Genevoise de la paix a pris la même attitude
421 1389 1661 1451 que celle adoptée par la Dotation Carnegie et la conciliation ;
419 1457 1642 1525 il en a été de même du Bureau International de la Paix. Nous
417 1526 1527 1589 n'avons eu, en agissant ainsi, aucune hésitation, parce
421 1598 1633 1649 que nous connaissions le peuple suisse et sa vraie mentalité.
419 1655 1622 1715 Mais il y a eu malheureusement l'influence contraire. Je ne
419 1722 1622 1785 parlerai qu'en passant de cette Société suisse pour la Ligue
419 1788 1565 1856 des Nations, qua fondée le Dr. Broda ; elle est peut-être
