<?xml version="1.0" encoding="UTF-8"  standalone="yes"?>
<PcGts xmlns="http://schema.primaresearch.org/PAGE/gts/pagecontent/2019-07-15" xmlns:xsi="http://www.w3.org/2001/XMLSchema-instance" xsi:schemaLocation="http://schema.primaresearch.org/PAGE/gts/pagecontent/2019-07-15 http://schema.primaresearch.org/PAGE/gts/pagecontent/2019-07-15/pagecontent.xsd">
  <Metadata>
	<Creator>escriptorium</Creator>
	<Created>2022-07-21T12:02:32.331283+00:00</Created>
        <LastChange>2022-07-21T12:02:32.331304+00:00</LastChange>

  </Metadata>
  <Page imageFilename="FRAD072_12J381_lettre0007_013.jpg" imageWidth="1746" imageHeight="2197">

    

    
    <TextRegion id="eSc_dummyblock_">
    
    
      <TextLine id="eSc_line_b1942268" >
        <Coords points="745,126 745,139 839,151 840,151 963,137 963,122 958,91 925,91 921,89 910,80 908,80 906,80 905,80 873,87 848,93 743,84 745,126"/>
        <Baseline points="745,126 963,122"/>
        <TextEquiv>
          <Unicode>- 11 bis -</Unicode>
        </TextEquiv>
      </TextLine>

    
    
      <TextLine id="eSc_line_fbe617a7" >
        <Coords points="368,188 368,212 1630,212 1632,184 1628,159 366,155 368,188"/>
        <Baseline points="368,188 1632,184"/>
        <TextEquiv>
          <Unicode>dernier. Supposons la France même anéantie. Que restera-t-il de</Unicode>
        </TextEquiv>
      </TextLine>

    
    
      <TextLine id="eSc_line_cdef55d7" >
        <Coords points="368,256 368,285 1650,270 1652,248 1647,225 366,230 368,256"/>
        <Baseline points="368,256 1652,248"/>
        <TextEquiv>
          <Unicode>l&#39;Allemagne ? rien, moins que rien, l&#39;objet de l&#39;exécration uni-</Unicode>
        </TextEquiv>
      </TextLine>

    
    
      <TextLine id="eSc_line_a7adb3f9" >
        <Coords points="368,322 368,344 404,355 406,355 408,355 410,355 412,355 425,346 950,353 952,353 1308,340 1542,347 1544,347 1546,347 1579,336 1579,314 1573,280 1478,291 1333,283 1275,280 1273,280 1271,280 1269,280 1264,283 1249,292 1156,285 1102,281 1101,281 1079,287 1051,292 1035,287 1020,281 1018,281 1016,281 1014,281 993,287 967,294 884,289 789,283 787,283 785,283 784,283 774,291 767,294 732,291 679,287 677,287 676,287 661,292 652,296 639,292 611,285 610,285 608,285 606,285 604,285 595,294 589,298 366,298 368,322"/>
        <Baseline points="368,322 1579,314"/>
        <TextEquiv>
          <Unicode>verselle ; un fléau que l’Angleterre et la Russie inépuisable</Unicode>
        </TextEquiv>
      </TextLine>

    
    
      <TextLine id="eSc_line_7a1cc7e8" >
        <Coords points="371,389 371,415 1352,406 1372,406 1597,413 1599,413 1601,413 1641,402 1641,384 1637,360 370,357 371,389"/>
        <Baseline points="371,389 1641,384"/>
        <TextEquiv>
          <Unicode>auront pour idéal et pour mission de faire disparaître, avec le</Unicode>
        </TextEquiv>
      </TextLine>

    
    
      <TextLine id="eSc_line_8f4e665d" >
        <Coords points="371,455 371,476 1555,479 1559,450 1553,426 370,428 371,455"/>
        <Baseline points="371,455 1559,450"/>
        <TextEquiv>
          <Unicode>concours tacite ou déclaré de tous les pays civilisés. S&#39;il</Unicode>
        </TextEquiv>
      </TextLine>

    
    
      <TextLine id="eSc_line_2e8f61d8" >
        <Coords points="371,523 371,547 1577,547 1579,516 1577,494 1557,483 1555,483 1553,483 1551,483 1531,492 1287,485 1286,485 1284,485 1282,485 1273,492 1271,496 1071,496 1066,492 1049,485 1047,485 1046,485 989,492 952,497 870,497 864,492 859,487 857,487 855,487 853,487 851,487 840,490 829,496 813,490 798,487 796,487 795,487 650,488 648,488 646,488 646,490 644,490 637,497 370,490 371,523"/>
        <Baseline points="371,523 1579,516"/>
        <TextEquiv>
          <Unicode>faut que la France, apr ès la Belgique, se sacrifie, elle est</Unicode>
        </TextEquiv>
      </TextLine>

    
    
      <TextLine id="eSc_line_20771b70" >
        <Coords points="370,593 370,615 1581,615 1581,585 1579,560 1529,547 1527,547 1526,547 1463,558 1462,558 1454,558 1211,549 1209,549 1207,549 1205,549 1196,558 1190,560 1145,558 1022,549 1020,549 980,556 949,563 762,563 740,554 725,551 723,551 721,551 720,551 703,554 668,563 368,554 370,593"/>
        <Baseline points="370,593 1581,585"/>
        <TextEquiv>
          <Unicode>prête ; elle ne sera plus qu’une ruine, mais cette ruine sera</Unicode>
        </TextEquiv>
      </TextLine>

    
    
      <TextLine id="eSc_line_744711fc" >
        <Coords points="373,655 373,684 879,684 879,651 873,624 371,629 373,655"/>
        <Baseline points="373,655 879,651"/>
        <TextEquiv>
          <Unicode>le tombeau des Allemands.</Unicode>
        </TextEquiv>
      </TextLine>

    
    
      <TextLine id="eSc_line_a40d6b90" >
        <Coords points="571,725 571,745 1670,739 1672,717 1669,692 569,692 571,725"/>
        <Baseline points="571,725 1672,717"/>
        <TextEquiv>
          <Unicode>Voilà où nous en sommes : l&#39;Allemagne est jugée, condam-</Unicode>
        </TextEquiv>
      </TextLine>

    
    
      <TextLine id="eSc_line_c9355c2a" >
        <Coords points="368,792 368,816 1670,807 1672,785 1669,759 1495,750 1493,750 1401,759 1399,759 1364,750 1363,750 1361,750 1306,761 1298,761 1265,761 1068,754 1066,754 782,763 774,763 763,754 762,754 760,754 690,754 688,754 639,765 633,765 615,765 459,756 458,756 456,756 428,765 419,756 417,756 415,756 414,756 366,765 368,792"/>
        <Baseline points="368,792 1672,785"/>
        <TextEquiv>
          <Unicode>née, quoi qu’il arrive, et devant de devoir sacré de la résistan-</Unicode>
        </TextEquiv>
      </TextLine>

    
    
      <TextLine id="eSc_line_c7f4be6e" >
        <Coords points="371,858 373,891 417,878 483,889 485,891 573,891 582,891 582,889 584,889 586,889 599,880 661,887 663,887 665,887 666,887 683,876 694,886 696,886 698,886 699,886 701,886 721,876 872,886 873,886 875,886 897,875 1364,880 1366,880 1368,880 1370,880 1385,871 1410,882 1412,882 1414,882 1416,882 1438,871 1564,882 1568,849 1562,827 370,827 371,858"/>
        <Baseline points="371,858 1568,849"/>
        <TextEquiv>
          <Unicode>ce française, pas un désaccord ne survient. Jeunes ou vieux,</Unicode>
        </TextEquiv>
      </TextLine>

    
    
      <TextLine id="eSc_line_6736bed2" >
        <Coords points="370,924 370,948 1615,946 1617,915 1614,889 886,887 884,887 883,887 851,897 848,898 617,898 606,898 439,891 437,891 368,900 370,924"/>
        <Baseline points="370,924 1617,915"/>
        <TextEquiv>
          <Unicode>riches ou pauvres, socialistes ou conservateurs, tous, séparés</Unicode>
        </TextEquiv>
      </TextLine>

    
    
      <TextLine id="eSc_line_77ed073d" >
        <Coords points="371,990 371,1017 1582,1006 1584,986 1581,963 978,953 976,953 930,963 927,964 370,964 371,990"/>
        <Baseline points="371,990 1584,986"/>
        <TextEquiv>
          <Unicode>hier, sont unis aujourd&#39;hui pour repousser l’envahisseur. En</Unicode>
        </TextEquiv>
      </TextLine>

    
    
      <TextLine id="eSc_line_5963c41a" >
        <Coords points="371,1058 371,1087 791,1076 1617,1080 1621,1052 1617,1028 1203,1019 1201,1019 1126,1028 1123,1028 1112,1028 807,1021 806,1021 804,1021 785,1030 784,1032 370,1032 371,1058"/>
        <Baseline points="371,1058 1621,1052"/>
        <TextEquiv>
          <Unicode>1870, un mois seulement apr ès la déclaration de la guerre tout</Unicode>
        </TextEquiv>
      </TextLine>

    
    
      <TextLine id="eSc_line_e945a9d3" >
        <Coords points="373,1124 373,1151 1597,1144 1599,1120 1595,1096 994,1087 993,1087 991,1087 989,1087 974,1096 505,1089 503,1089 371,1098 373,1124"/>
        <Baseline points="373,1124 1599,1120"/>
        <TextEquiv>
          <Unicode>le monde en France criait: A la trahison! aujourd&#39;hui la con-</Unicode>
        </TextEquiv>
      </TextLine>

    
    
      <TextLine id="eSc_line_a2b679e1" >
        <Coords points="373,1190 373,1210 1619,1212 1623,1184 1619,1160 1205,1151 1203,1151 1148,1160 861,1153 859,1153 371,1164 373,1190"/>
        <Baseline points="373,1190 1623,1184"/>
        <TextEquiv>
          <Unicode>fiance est partout ; quelle différence! Les Français n&#39;ont plus</Unicode>
        </TextEquiv>
      </TextLine>

    
    
      <TextLine id="eSc_line_49bf592d" >
        <Coords points="371,1255 371,1276 1617,1272 1619,1252 1615,1228 1102,1219 1101,1219 370,1230 371,1255"/>
        <Baseline points="371,1255 1619,1252"/>
        <TextEquiv>
          <Unicode>qu&#39;une seule âme vouée a la défense commune. Toute force indi-</Unicode>
        </TextEquiv>
      </TextLine>

    
    
      <TextLine id="eSc_line_24615e63" >
        <Coords points="370,1323 370,1345 1619,1345 1621,1316 1617,1290 368,1290 370,1323"/>
        <Baseline points="370,1323 1621,1316"/>
        <TextEquiv>
          <Unicode>viduelle qui n’est pas consacrée à cette sainte cause est pour</Unicode>
        </TextEquiv>
      </TextLine>

    
    
      <TextLine id="eSc_line_3c619082" >
        <Coords points="370,1389 370,1415 1636,1406 1637,1385 1632,1360 368,1362 370,1389"/>
        <Baseline points="370,1389 1637,1385"/>
        <TextEquiv>
          <Unicode>nous une force perdue ; mon plus jeune fils ne pense qu’à devan-</Unicode>
        </TextEquiv>
      </TextLine>

    
    
      <TextLine id="eSc_line_b5a4cfcf" >
        <Coords points="373,1457 373,1477 1084,1482 1086,1482 1117,1479 1174,1471 1183,1479 1185,1481 1187,1481 1189,1481 1190,1482 1311,1482 1311,1481 1326,1479 1392,1470 1414,1479 1416,1479 1418,1481 1562,1481 1564,1448 1559,1417 371,1422 373,1457"/>
        <Baseline points="373,1457 1564,1448"/>
        <TextEquiv>
          <Unicode>cer le jour où son âge lui permettra de s’engager ; et quand</Unicode>
        </TextEquiv>
      </TextLine>

    
    
      <TextLine id="eSc_line_8a69d0b5" >
        <Coords points="371,1521 371,1548 1639,1543 1639,1515 1634,1492 370,1492 371,1521"/>
        <Baseline points="371,1521 1639,1515"/>
        <TextEquiv>
          <Unicode>nous déplorons, plus que jamais la mort de son aîné, c’est pour</Unicode>
        </TextEquiv>
      </TextLine>

    
    
      <TextLine id="eSc_line_a3600737" >
        <Coords points="390,1587 390,1607 1582,1601 1584,1581 1581,1552 787,1550 785,1550 784,1550 752,1559 749,1559 747,1559 699,1550 698,1550 696,1550 694,1550 683,1559 632,1550 630,1550 558,1559 412,1550 410,1550 408,1550 388,1559 390,1587"/>
        <Baseline points="390,1587 1584,1581"/>
        <TextEquiv>
          <Unicode>dire ce qu’écrivait hier ma femme &quot;avec quel courage il eût</Unicode>
        </TextEquiv>
      </TextLine>

    
    
      <TextLine id="eSc_line_157793c0" >
        <Coords points="371,1656 371,1678 1617,1678 1619,1647 1615,1622 621,1618 619,1618 370,1629 371,1656"/>
        <Baseline points="371,1656 1619,1647"/>
        <TextEquiv>
          <Unicode>défendu sa patrie et donné sa vie pour elle ; que n&#39;a-t-il péri</Unicode>
        </TextEquiv>
      </TextLine>

    
    
      <TextLine id="eSc_line_54d5e19a" >
        <Coords points="371,1722 371,1742 1581,1735 1582,1713 1577,1688 370,1695 371,1722"/>
        <Baseline points="371,1722 1582,1713"/>
        <TextEquiv>
          <Unicode>dans la bataille !&quot; Vous voyez des enfants des femmes trouver</Unicode>
        </TextEquiv>
      </TextLine>

    
    
      <TextLine id="eSc_line_03fada7c" >
        <Coords points="371,1790 371,1816 652,1808 677,1816 685,1818 687,1818 688,1818 703,1816 760,1807 963,1816 1002,1816 1003,1816 1005,1816 1009,1814 1036,1805 1295,1814 1317,1814 1319,1814 1320,1814 1322,1814 1348,1803 1372,1812 1374,1812 1375,1814 1500,1814 1500,1812 1502,1812 1520,1803 1637,1812 1641,1783 1636,1753 370,1763 371,1790"/>
        <Baseline points="371,1790 1641,1783"/>
        <TextEquiv>
          <Unicode>le moyen de servir ; des vieillards ranimés se lèvent pour avoir</Unicode>
        </TextEquiv>
      </TextLine>

    
    
      <TextLine id="eSc_line_bed60f88" >
        <Coords points="373,1854 373,1878 1575,1871 1577,1849 1571,1818 371,1821 373,1854"/>
        <Baseline points="373,1854 1577,1849"/>
        <TextEquiv>
          <Unicode>la joie de €mourrir€ mourir debout ; mon collègue que vous avez</Unicode>
        </TextEquiv>
      </TextLine>

    
    
      <TextLine id="eSc_line_1932dea9" >
        <Coords points="371,1918 371,1942 1560,1937 1562,1915 1557,1882 370,1889 371,1918"/>
        <Baseline points="371,1918 1562,1915"/>
        <TextEquiv>
          <Unicode>vu à Paris, assidu à nos séances du Groupe parlementaire de</Unicode>
        </TextEquiv>
      </TextLine>

    
    
      <TextLine id="eSc_line_a1940472" >
        <Coords points="375,1988 375,2012 1601,2004 1603,1984 1599,1960 373,1960 375,1988"/>
        <Baseline points="375,1988 1603,1984"/>
        <TextEquiv>
          <Unicode>l&#39;arbitrage, le sénateur Emile Reymond, vice président de mon</Unicode>
        </TextEquiv>
      </TextLine>

    
    
      <TextLine id="eSc_line_0a6eb4c6" >
        <Coords points="373,2059 371,2085 1434,2088 1438,2067 1434,2032 373,2032 373,2059"/>
        <Baseline points="373,2059 1438,2067"/>
        <TextEquiv>
          <Unicode>groupe sénatorial de l’aviation, s’est fait porter, à</Unicode>
        </TextEquiv>
      </TextLine>

    
    </TextRegion>
    
  </Page>
</PcGts>
