1738 2197
858 197 945 256 - 3 -
338 298 1620 357 Société des Nations, et depuis lors. Il n’est pas homme à croire
336 366 1542 422 à l’esprit de conciliation par/mi les hommes et encore moins
340 435 1596 496 parmi les peuples, mais il ne se refuse pas à en faire l’essai;
338 505 1562 562 on ne peut pas toujours faire la guerre. Il faut dire que son
336 574 1540 626 point de vue, (la guerre avant éclaté pour lui donner raison
335 627 1661 693 et avant duré ce qu’elle a duré, et détruit ce qu’elle a détruit, )
333 710 1554 763 - s’explique trop bien ; c’est le point de vue de la défiance :
335 774 1560 827 experto crede Roberto ; la France est le champ de bataille, la
333 842 1556 891 marche, le rempart des guerres futures ; ne nous trompons pas ;
335 906 1582 966 c’est sur elle que tomberont la surprise et la catastrophe, et
333 964 1600 1032 peut-être l’anéantissement, si notre Société des Nations permet
331 1038 1615 1098 à la domination allemande de renouveler son agression. Ce n'est
329 1102 1540 1162 pas sur l'Amérique que s’abattra la première surprise ; c’est
329 1173 1593 1232 sur la France. Il est donc naturel, légitime, et dans l'intérêt:
329 1241 1593 1303 général que la France insiste pour que ses alliés prennent avec
327 1307 1393 1360 elle des précautions sérieuses contre cette surprise.
529 1373 1591 1429 NIPPOLD que je n’ai pas manqué d’appeler à Paris nous
325 1435 1569 1499 a terriblement renseignés sur l'état des esprits en Allemagne:
327 1497 1609 1569 Selon lui, la population allemande n’a rien appris ; elle ne voit
311 1567 1591 1634 qu'une chose, c’est qu’elle a été vaincue par une coalition pro-
325 1636 1543 1699 longée ; mais elle n'a pas eu d’autre tort que d'être vaincue.
322 1704 1585 1763 si elle avait été victorieuse elle aurait eu raison. Elle devra
320 1763 1582 1838 donc trouver le moyen de reprendre ses forces et sa supériorité
322 1836 1642 1909 tout au moins économique ; on verra ensuite. Mais elle ne reconnaît
