1769 2197
829 113 1118 201 LETTRE N° 571.
205 195 446 276 SÉNAT
1085 296 1560 353 PARIS, 13 octobre 1919.
448 454 1382 525 AUTRES ARGUMENTS POUR SERVIR à la RÉDACTION DE
611 593 1272 662 "LA FAILLITE DE LA GUERRE ".
765 534 1062 591 MON LIVRE SUR:
468 651 1459 723 EXCELLENT DISCOURS DE M.BOURGEOIS. - L'AFFICHAGE.-
371 715 1554 789 LE TRAITÉ DE PAIX EST CRITIOUÉ MAIS VOTÉ PAR LE SÉNAT, POUR
375 761 1576 811 EN FINIR.- M. CLEMENCEAU, DANS UN DE SES DISCOURS LES MEIL-
373 794 1475 845 LEURS, FAIT LE PROCÈS DES DIRIGEANTS. SANS PENSER QU'IL
373 829 1540 889 CONDAMNE TOUS CEUX QUI ONT DESIRE ou N'ONT PAS SU PRÉVENIR
373 864 582 919 LA GUERRE.
369 952 1562 1021 RÉSUME MON POINT DE VUE: CE QU'ON REPROCHE AU TRAITE N'EST
371 995 999 1056 AUTRE QUE LE FAIT DE LA GUERRE.
569 920 1536 983 DANS UN DISCOURS QU'IL QUALIFIE DE VIRULENT, JE
899 1155 1232 1221 Mon cher Butler,
303 1349 1591 1426 11 de ce mois, l’approbation du Traité de paix. A quand le tour
642 1285 1593 1358 En trois séances, le Sénat a voté, les 9, 10 et
303 1420 642 1482 des Etats-Unis ?
300 1548 1582 1622 très beau discours de M. Léon Bourgeois, complétant son rapport,
640 1492 1611 1559 La première séance a débutée par un important et
300 1629 1567 1686 que vous avez. Vous en trouverez le texte dans le compte-rendu
300 1688 1606 1746 que je vous envoie du "Journal officiel". Je considère comme es-
298 1755 1585 1825 sentiel que vous possédiez dans vos archives cette collection de
137 1946 1082 2019 à Monsieur le Président Nicholas Murray BUTLER.
