1748 2197
758 95 1641 162 Clermont-Créans (Sarthe) le 19 Octobre 1914
677 248 776 318 N° 7
551 395 897 459 Mon cher Butler,
472 496 1623 560 Aujourd'hui plus que jamais nous refusons de nous laisser
379 571 1605 627 accuser par nos adversaires et par leurs journaux d'être les
373 629 1586 697 partisans de la paix à tout prix ; nous sommes et nous avons
377 708 1623 765 toujours été des patriotes ; c’est dans l’intérêt de ma patrie
375 774 1638 827 que je repousse la guerre qui lui est faite et qu’en désespoir
375 838 1676 904 de cause j’oppose à la guerre barbare le seul obstacle qui puis-
379 909 1645 961 se maintenant en avoir raison, la résistance à tout prix. Tan-
375 979 1562 1032 dis que vous continuez, de l’autre côté de l'Océan, votre
373 1045 1641 1100 beau rôle d’éducateur de la Conciliation, je ne puis plus par-
375 1109 1603 1168 ler ici que de combattre par les armes. L’ignorance seule ou
375 1180 1638 1237 le parti pris pourra trouver une contradiction entre mon atti-
375 1235 1660 1307 tude d’aujourd'hui et celle d'hier, entre la votre et la mienne
373 1310 1581 1363 c’est toujours la même : Pro Patria per orbis concordiam. La
375 1382 1583 1433 conciliation en Europe a fait naufrage ; elle se réfugie aux
375 1437 1605 1506 Etats Unis ; le nouveau monde sera son arche de Nöé. Mais pas
371 1512 1559 1576 d’erreur, et pour que votre opinion publique ne s’y trompe
371 1574 1639 1634 pas, répétons lui sans nous lasser ce que nous avons dit mille
375 1644 1559 1700 fois, mais ce qu’elle peut oublier dans le désordre actuel
370 1715 1638 1768 des esprits. C’est pourquoi j’ai donné au New York Times cette
371 1783 1601 1839 interview que les principaux journaux ont reproduite et dont
373 1850 1616 1905 voici le texte français, pour le cas où il vous serait arrivé
370 1916 1588 1973 dénaturé par la transmission télégraphique ou la traduction.
230 2013 1170 2074 à Monsieur le Président Nicholas Murray BUTLER
