1740 2197
833 131 1139 217 LETTRE N° 533 .
190 217 430 311 SÉNAT
1168 256 1555 338 PARIS, 22 Mai 1919.
498 463 1445 551 LE NOUVEL AMBASSADEUR DES ETAT - UNIS .
593 393 1344 494 BANQUET DE L'AMERICAN CLUB DE PARIS .
421 525 1573 644 L'INQUIÉTUDE DES PRÉCURSEURS DE L'AMITIÉ FRANCO-AMÉRICAINE .
952 712 1289 763 Mon cher Butler,
725 849 1606 933 L'American club de Paris a donné aujourd'hui
428 924 1533 1014 un grand déjeuner de plusieurs centaines de couverts en
432 990 1576 1082 l’honeur du nouvel Ambassadeur des Etats-Unis, M. Hugh C.
432 1052 1609 1144 WALLACE. J'ai toujours été l’invité assidu de ces réunions
435 1122 1681 1210 où je retrouve d’anciens amis nombreux et fidèles. Cette fois
434 1186 1661 1283 les Français étaient peu nombreux et les Américains attristés.
434 1259 1615 1345 Henry WHITE a eu le courage de faire allusion à la cause de
437 1320 1538 1396 cette tristesse. Des journaux inspirés ou, en tout cas
437 1387 1600 1482 autorisés, ne cessent, comme je l'ai constaté maintes fois,
437 1468 1593 1530 de répandre en France contre les Etats-Unis des sentiments
437 1534 1670 1609 d’injustice et d’ingratitude à la fois stupides et pernicieux:
437 1600 1617 1660 stupides, puisque les fauteurs de ces polémiques dénaturent
441 1662 1635 1733 le véritable esprit de la France, pernicieux puisqu’ils con-
441 1735 1598 1810 tribuent à nous isoler ; car les articles en question sont
441 1796 1677 1867 reproduits religieusement dans les journaux américains, tandis
214 1988 1144 2063 Monsieur le Président Nicholas Murray BUTLER.
