1737 2197
892 144 1018 197 - 4 -
589 296 1632 364 A La Flèche, l'incapable Gaudineau, célèbre par son
311 377 1500 432 opulente nullité, prend la place de l’admirable Dr. Buquin,
313 444 1590 499 respecté de tous et d’autant plus calomnié. A Brûlon, le Comte
311 512 1649 574 d'Audigné succède à mon regretté ami Laroche ; le comte de Nicolay
311 578 1610 631 siègera désormais pour le Lude, le comte de Rougé pour Sablé. Le
315 642 1625 706 canton de Malicorne est en ballottage entre le conseiller sortant
311 714 1608 767 républicain et le comte de Vezins. Ailleurs, c’est le Prince de
311 778 1529 836 Lucinge, le comte de Dreux-Brézé, le Duc des Curs, le Duc de
311 844 1608 904 la Rochefoucauld, parmi lesquels quelques braves gens, mais pour
309 911 767 977 la plupart incapables.
608 970 1608 1038 La réaction triomphe enfin, - mais XXX pour peu de
311 1043 1572 1105 temps. Elle ne voudra, elle ne pourra pas frapper d’impôts sa
315 1113 1608 1173 clientèle, ni par conséquent emprunter ; elle s’en prendra à nos
311 1180 1606 1243 Alliés, et nous poussera rapidement à la faillite, à la discorde
311 1252 1081 1309 et à l’isolement, comme sous l'Empire.
630 1312 1588 1367 D’ici là, heureusement, la France, surprise, se
311 1376 1544 1435 ressaisira, mais à quel prix ? C'est ce dommage incalculable
313 1444 1625 1506 que, de toutes mes forces, j'ai voulu éviter. Après cette guerre
311 1517 1528 1572 néfaste, c'est son lendemain qui commence à peine . Je n'ai
309 1580 1581 1642 pas le droit de me plaindre, car il m’a été donné de faire tout
311 1645 1641 1715 ce que j'ai pu, et je n'ai qu’à m'en prendre à ma faiblesse contre
311 1715 1634 1775 tant d’adversaires, d’ignorants et d’indifférents, si j'ai échoué.
648 1783 1643 1845 J'ai été aidé cependant, et je serais bien ingrat
309 1847 1528 1911 si, en terminant cette lettre rapide, je ne rappelais pas la
