1740 2197
824 170 939 221 - 5 -
327 259 1606 331 qui permettra de condamner le militarisme allemand mais non sans
324 327 1569 399 discréditer ailleurs bon nombre de dirigeants. C'est pourquoi
307 397 1644 457 j’appelle de mes voeux, avec l'opinion, cet immense procès de mora-
324 470 1586 521 lité, mais c’est aussi pourquoi il ne s’ouvrira pas sans résis-
322 527 1642 595 tances...... Ce sera le plus redoutable examen de conscience qu'on
320 593 1659 664 ait jamais connu, dans aucun temps ; ce sera la moralité de la guer-
320 666 1584 730 re, la fin de la guerre et l’ouverture de l'ère nouvelle, si ce
318 730 1580 798 procès vraiment a lieu. Si non le traité de paix ne sera que la
305 803 1545 862 consécration de tous les mensonges du passé ; le recommencement
316 867 1562 930 hypocrite et l’aggravation de tous nos maux. L'opinion le sent
302 931 1652 999 bien, si elle n’est pas satisfaite, et si elle n’est pas trop lasse,
318 999 1646 1067 trop dégoûtée, elle se révoltera. De toutes façons le grand procès,
315 1067 1569 1129 le procès des origines de la guerre doit s’ouvrir et s’ouvrira,
315 1124 1613 1201 quel qu'en puisse être le dénouement, pour l'édification de l'Al-
313 1195 1014 1255 lemagne d’abord et du monde entier.
509 1259 1617 1325 Nous constations à Paris des symptômes frappants de ces
302 1331 1635 1395 exigences de l’opinion. La chambre des Députés dispute en ce moment
313 1395 1633 1466 l'interpellation BARTHE, tendant à établir que la grande métallur-
309 1464 1534 1526 gie internationale a été d’accord, a été organisée comme j'ai
309 1523 1593 1592 vainement essayé de le dire tant de fois, pour pousser à la con-
293 1592 1593 1662 sommation de ses produits, c’est à dire à la guerre. Et cette in-
294 1660 1642 1730 terpellation fait ressortir déjà de fâcheuses complaisances de notre
307 1726 1505 1792 état-major dont la/candeur fut enveloppée d’un voile ou d'une
291 1790 1644 1863 sorte de filet de relations mondaines et familiales et d’entreprises
311 1861 886 1920 savantes des grands journaux.
503 1926 1542 1988 Le procès du Kaiser conduira donc infailliblement au
315 1995 1413 2056 procès de la métallurgie et de la presse pour commencer.
