1740 2197
816 179 935 221 - 7 -
315 254 1633 335 pour la Société des Nations à se référer - c’était par excellence,
316 331 1536 400 la raison d'être de la DOTATION l'ocasion à ne pas manquer:
313 399 1617 472 l'ocasion providentielle de justifier et de faire comprendre son
296 450 467 519 utilité.
512 525 1637 596 Je n’insiste pas - Il me suffit de vous dire que tout ce
311 596 1575 670 que je vous ai écrit à ce sujet a été hautement ratifié par nos
307 660 424 714 amis.
503 721 1534 801 Notre collègue et ami chinois, premier délégué à la
304 787 1587 865 conférence, LOU TSENG TSIANG assistait à la réunion, de même que
300 856 1591 937 les déléguéé de l'Association italienne, le Professeur SALVEMINI,
296 926 1544 1003 - une bonne recrue, dont j’aurai encore à vous parler. Je l'ai
302 983 1566 1072 invité chez moi. C'est un homme de grand cœur et d’une hauteur
294 1060 1620 1142 valeur morale et intellectuelle. Il a vu périr lors du tremblement
294 1127 1617 1202 de terre de Messine, ses cinq enfants, sa femme et sa sœur, et il
289 1190 1558 1270 n’a survécu à ce désastre que pour essayer de prévenir au moins
280 1257 1556 1340 les catastrophes volontaires. Nous pouvons compter sur lui. Il a
293 1318 1598 1406 été de ceux qui, avec RICHET, avec WEISS, LAPRADELLE et nous tous,
285 1385 1608 1475 sans excepter le Chinois, ont appuyé le plus énergiquement ma €pro-€
267 1461 1604 1534 €pposition€ proposition éternelle concernant la fondation d’un jour-
278 1521 1545 1596 nal quotidien, populaire de vérité, de contrepoison ; un journal
263 1590 1619 1666 qui serait le meilleur de tous les journaux du monde, le mieux rédi-
272 1656 1617 1737 gé, le mieux informé, le plus riche et par conséquent le plus lu et
274 1720 1593 1797 le plus puissant. Ce journal serait rédigé, sous la direction cen-
274 1788 1545 1869 trale d’un état-major commun avec des filiales dans chaque pays,
269 1849 1619 1940 dans les principales langues, et peu à peu, dans toutes les langues.
468 1926 1591 2004 En dehors de ce journal, pas de salut, rien que des ten-
265 1990 637 2056 tatives précaires.
