1745 2197
236 153 457 236 COPIE
875 140 1517 219 Weardale Manor, August 13, 1914
756 395 1030 481 Mon cher ami,
558 530 1582 622 Je n'ai pas répondu à votre lettre si intéressante
362 604 1565 684 du 3 Août parce que j’espérais pouvoir vous dire des choses
362 675 1596 750 plus consolantes que je ne suis en état de vous communiquer.
360 741 1587 820 M. Lange a quitté Bruxelles et va transférer, pour le moment
364 811 1561 889 le Centre de l'Union dans un pays neutre, à Christiania, où
368 886 1525 955 il est d’abord auprè s de sa famille, et en correspondance
364 948 1587 1019 avec tous les pays, ce qui, en ce moment, est fort difficile
366 1021 1506 1089 car même la Hollande qui, pour un instant, nous semblait
366 1080 1646 1160 peut être mieux placée que la Norvège, est menacée d’une incur-
369 1151 1530 1217 sion allemande. M. Lange a quitté Bruxelles lundi soir et
368 1221 1565 1290 vient de partir de chez nous pour prendre le bateau de New-
369 1290 708 1356 castle à Bergen.
571 1351 1607 1426 Il nous dit que l'attitude des Belges est admirable
368 1415 1532 1488 Bruxelles tout à fait tranquille, et tout le monde décidé
368 1488 1508 1559 à résister jusqu’au dernier homme. Je puis dire la même
371 1552 1510 1622 chose de chez nous, où tout marche silencieusement, sans
369 1618 1613 1691 la moindre panique, mais avec la même résolulion absolue dans
371 1693 706 1748 tous les coeurs.
192 1781 910 1863 Monsieur d’Estournelles de Constant
