1757 2197
725 106 846 168 - 4 -
227 212 1588 274 taines et qui, par comparaison, n’étaient que de la camelote ; c’est
230 287 1586 344 ce qui explique que l'église, un bijou de l’architecture gothique et
229 349 1597 415 de la renaissance, que l'artillerie avait pourtant prise pour cible,
225 422 1584 477 n'a été heureusement qu’endommagée. Quand aux maisons, c’eet à main
229 488 1522 545 d’homme, comme on se servait jadis de la torche, qu’elles furent
229 558 1540 609 détruites ; le procédé est partout le même ; devant chacune d’elles
230 615 1542 681 des équipes de soldats se succédant s’arrêtaient ; ils enfonçaient
229 686 1504 741 les portes à coup de haches, entraient ou faisaient entrer ceux
225 752 1604 812 qui les suivaient ; ces derniers visitaient, choisissaient, prenaient
225 823 1553 875 déménageaient ; la visite faite, le butin pris, la maison souillée,
223 891 1597 941 on enduisait les murailles et les escaliers de je ne sais quels pro-
223 950 1559 1010 duits chimiques, on jetait des grenades et cela flambait ; d’autres
229 1012 1619 1082 équipes venaient ensuite, surveillaient, activaient le feu, versaient
225 1085 1568 1142 du pétrole ; et ainsi de suite, d’une extrémité de la rue à l’autre,
225 1146 1559 1215 de l'hôpital jusqu’à la gare. C'est à croire que l’armée allemande
221 1221 1595 1279 pratiquait l’exercice de l'incendie aux grandes manoeuvres, en temps
223 1277 1227 1338 de paix, tant il paraissait réguli èrement exécuté.
423 1351 1597 1411 Quelques maisons, dans cette rue sinistre, pour une raison
225 1417 1575 1473 ou pour une autre, ont été respectées avec autant de discipline que
227 1482 1612 1547 les autres ont été brûlées, pour éviter des malentendus, des faction-
221 1547 1553 1609 naires veillaient, ou bien on avait écrit en allemand sur la porte
223 1614 1626 1678 ces mots dont vous voyez la photographie : "braves gens - à épargner !"
227 1684 1515 1739 Ce qui veut dire, je le crains, en bon français ; "collaborateurs
223 1748 665 1807 de l’armée allemande".
419 1812 1553 1874 Mais la destruction des monuments n'est qu'un article du
219 1876 1549 1940 programme. Pour terroriser la population civile et lui apprendre à
221 1949 1570 2012 bien accueillir ses envahisseurs, les soi-disant défenseurs de " la
