1740 2197
750 93 873 146 - 3 -
355 173 1584 256 nisation , mais elle est devenue aussi une question de temps.
558 243 1536 316 Tout ce temps qui passe aggrave la situation des
360 300 1575 380 armées allemandes décimées par la fatigue et par le feu: les
360 367 1617 459 voilà cernées entre la France qui les harcèle, et l'Angleterre
362 433 1619 523 qui chaque jour verse ses hommes et ses approvisionnements sur
364 501 1639 584 nos champs de bataille ; la Belgique, avide de juste revanche€é à€
366 567 1637 653 les attend, les guette. Les Russes eux-mêmes nous arrivent dit-
366 637 1600 725 on on ne sait comment, par mer, sur les paquebots anglais qui
368 708 1602 796 les amènent de l'Océan glacial, de Sibérie, d'Arkangel, et de
369 778 1547 856 l'Océan Pacifique, d'Extr ème orient, de Vladivostok où ils
373 842 1584 917 sont d’accord avec leurs adversaires d'hier, avec le Japon !
377 906 1527 986 Ce même Japon profite de la circonstance pour enlever aux
375 975 1589 1056 Allemands leurs colonies d'Asie et d'Océanie, à l’exemple de
373 1039 1551 1125 l’Angleterre qui leur prend celles de l'Afrique ; elle leur
375 1107 1608 1186 prend aussi leurs paquebots !...... Qui l’aurait pensé? Voilà
379 1177 1595 1257 ces transatlantiques superbes de Hambourg et de Brême, voila
379 1237 1674 1320 cette flotte de commerce dont le pavillon se montrait sur toutes
379 1309 1655 1380 les mers et que les cuirassés allemands avaient pour soi-disant
380 1374 1637 1455 raison d'être protéger, les voilà qui servent à transporter en
380 1440 1655 1525 France en Belgique quoi donc? des armées Russes ! Et non seule-
382 1506 1641 1580 ment des armées Russes, mais des armées de l'Inde Anglaise, du
386 1580 1617 1653 Cap, du Canada, d’Australie ; toute la tour de Babel mobilisée
390 1649 1040 1717 contre le militarisme allemand !
589 1704 1639 1783 Si le drame était moins sanglant, si nous ne savions
388 1774 1562 1850 pas nos villes incendiées, si nous n’apprenions pas chaque
391 1850 1580 1913 jour indirectement la mort d'une foule de jeunes gens qu’il
393 1909 1620 1988 faut pleurer, on dirait que ce dénouement du militarisme exé-
391 1984 1606 2052 cré est d’une réconfortante moralité. Mais il/en restera pas
1269 1958 1326 2001 n'
