1749 2197
948 133 1064 190 - 9 -
435 261 1562 327 Président, de vous remercier, ainsi que M.M. les membres
434 340 1655 402 présents, de l’accueil cordial que vous voulez bien me faire.
434 395 1598 466 Mes efforts en Suisse ne méritent cependant pas d'être mis
435 465 1692 538 en lumière. Je vais essayer de vous les résumer succinctement,
435 532 1622 593 bien que je n’aie pas eu le temps matériel de me préparer à
435 604 672 655 cet exposé.
732 660 1620 721 Il y a deux ans, lors de/l’Assemblée Générale
435 728 1600 796 de la CONCILIATION INTERNATIONALE, j'ai déjà eu l'occasion
435 801 1655 854 de vous parler de mes tentatives pour amener l'opinion suisse
434 860 1637 930 à une compréhension plus juste des événements. Je n'ai fait
435 930 1659 990 que les continuer depuis ; j’aurai donc peu de renseignements
434 1005 1335 1056 nouveaux à apporter à ce que je disais alors.
714 1067 1587 1125 Nous étions tous heureux, il y a un instant,
434 1129 1580 1188 d’apprendre les heureux débuts de l'ASSOCIATION FRANCAISE
435 1202 1540 1254 POUR LA SOCIETE DES NATIONS, sous les auspices de notre
435 1266 1591 1318 Bureau Européen de la Dotation Carnegie. En Suisse aussi,
432 1332 1655 1396 nous travaillons à la création d'une Ligue des Nations ; notre
432 1395 1635 1455 programme a naturellement beaucoup de ressemblance avec ceux
434 1468 1633 1525 des associations similaires. Il y a lieu de noter cependant
430 1528 1595 1587 une particularité très importante. L'entrée de la Suisse
434 1600 1547 1653 dans la Société des Nations, si elle se produit un jour
432 1669 1633 1715 nécessitera un recours au plébiscite populaire et un change-
430 1724 1673 1779 ment dans notre constitution, surtout parce qu’elle entraînera
430 1786 1620 1847 une/renonciation à notre neutralité. La commission fédérale,
432 1858 1655 1922 dont je fais partie, considère que le privilège de neutralité
