1737 2197
738 120 844 173 - 3 -
221 205 1654 276 meubles, fixtures, etc, etc. Elle souille invariablement de ses ordures
219 280 1573 342 les tapis, le linge lacéré, etc, etc. Ensuite, quand le temps ne lui
218 344 1581 402 manque pas, elle met le feu. Ses équipes d’incendiaires sont organi-
221 408 1597 474 sées comme chez vous les équipes de pompiers ; et, si un courageux té-
218 483 1583 536 moin de ces incendies volontaires tente de les éteindre, on le brûle
221 541 1568 600 avec la maison ou on le fusille. €C'es€ Ces équipes sont pourvues de
221 613 1603 666 tout un matériel spécial de destruction, comme vos compagnies de pom-
219 677 1625 737 piers ont leurs appareils de sauvetage ; elles se sont exercées partout
225 746 1658 805 sur leur passage, avec les procédés et les moyens d’action les plus va-
223 811 1588 865 riés ; elles ne se bornent pas à l’incendie, leur tâche plus vaste et
219 873 1645 935 plus infernale encore est la destruction de tout ; c’est ainsi que, dans
223 944 1636 997 le nord, elles ont inondé nos mines de charbon, détruit les ascenseurs,
223 1014 1588 1060 les ventilateurs, tout le matériel d'exploitation et de secours, les
223 1082 1625 1127 rendant inutilisables pendant des mois et davantage. De même elles ont
223 1140 1643 1193 détruit les usines de tissage, de lainage, de teinture, les raffineries
221 1206 1086 1259 les forges, tout ce qui fait vivre le pays.
316 1270 1581 1325 Mais, pour m'en tenir au simple incendie d’une ville et de Sen-
223 1340 1619 1395 lis en particulier, l’ordre dans la dévastation m’a véritablement stu-
219 1400 1601 1468 péfié ; ce n’est plus la barbarie, c’est le progr ès moderne au service
225 1466 531 1530 de la barbarie.
320 1539 1586 1592 La plupart des maisons étant entourées de jardins se trouvaient
221 1594 1546 1656 à l'abri d’un incendie général. L’armée allemande ne disposait pas
223 1669 1561 1730 à Senlis des obus spéciaux qu’elle emploie avec tant de succès ail-
223 1733 1561 1792 leurs, par exemple à Reims, pour mettre le feu aux édifices et pul-
221 1792 1524 1852 vériser jusqu’aux pierres ; elle n’avait sans doute qu’un matériel
223 1865 1467 1918 d’artillerie relativement inférieur ; c’est ce que me racontent
221 1929 1540 1993 les habitants en me montrant les obus qu’ils ont ramassés par cen-
