1740 2197
835 129 934 201 - 2 -
305 261 1520 325 un traître inconscient. Le Gouvernement même l'a aidé ; son
305 340 1520 395 représentant à La Flèche allait partout avec mes adversaires
305 406 1538 465 pour apporter par sa coopération une autorité officielle à la
304 476 877 530 diffamation la plus éhontée.
685 540 1575 591 on parle de l'ingratitude du peuple ; quelle
305 595 525 666 injustice !
685 657 1525 730 Trouvez donc un homme qui soit insensible,
304 732 1613 790 après cinq années de guerre, à cette révélation que son représen-
302 794 1512 860 tant, son mandataire est, pour une part, responsable du sang
302 871 1582 931 versé, des destructions irréparables et des milliards de dettes,
300 937 1516 994 et des désordres et des grèves qui sont la conséquence de la
304 1006 463 1065 guerre.
677 1061 1571 1135 Le peuple a été trompé, tout simplement. Et
304 1138 1569 1201 il n’a eu personne que moi pour l'édifier sur mon mérite. J'ai
302 1201 1551 1268 bien pu, dans une mesure très limitée, m'expliquer. Mais avec
302 1268 1630 1338 quelle répugnance ! Me disculper d'avoir fait le bien ! Sous peine
296 1331 1589 1407 de préconiser la révolte, je ne pouvait accuser, à mon tour mes
296 1407 1586 1462 accusateurs, sans ouvrir contre eux le grand procès. Ils ont donc
294 1466 1584 1537 bénéficié de l'embarras de ma situation. Et encore pas ouverte-
294 1541 1567 1605 ment. Pas une seule fois en public on n’a rien osé, rien pu me
294 1598 1558 1669 reprocher. Seul, à la fin, le Comte de Nicolay, poussé à bout,
291 1673 1545 1731 ne sachant que dire, m’a reproché de n’avoir servi la paix que
291 1739 1544 1808 pour toucher de gros traitements à La Haye et le prix Nobel !!
293 1805 1566 1865 Voilà toute la bassesse de ce dirigeant de demain !! Un de ses
294 1874 1525 1942 partisans, le dernier jour, a risqué devant lui pour le tirer
