1749 2197
893 142 1036 194 - 16 -
419 265 1303 336 du jour de la réunion, dont voici la teneur:
619 399 705 472 I° -
807 406 1402 463 Programme d'action pour 1919.
613 468 712 547 2°.-
811 466 1644 532 Participation aux débuts de l'Association
818 512 1578 560 Française pour la Société des Nations,
620 580 705 644 3°,-
811 571 1584 631 Relations avec les autres associations
814 609 1336 666 analogues des pays alliés.
615 673 714 739 4°.-
807 673 1206 728 Questions diverses.
417 796 1582 864 Différents articles de cet ordre du jour ont déjà été dis-
417 876 1580 931 cutés au cours de la séance, principalement en ce qui con-
415 941 1521 990 cerne la participation du Bureau Européen aux débuts de
412 995 1637 1061 l'Association Française pour la Société des Nations ; l'assem-
410 1069 1499 1131 blée a été unanime à approuver l'action de la Dotation
412 1136 1159 1199 vis-à-vis de la nouvelle Association.
406 1224 772 1296 M. la PRÉSIDENT.-
873 1235 1690 1298 J'élargirai un pau le sens de l'ART.III;
412 1298 1576 1351 j'ai besoin d'avoir l'avis de vous tous, et en particulier
410 1369 1525 1426 de juristes tels que M.M. Weiss, de Lapradelle et Dumas,
410 1437 1494 1486 pour savoir comment nous devons envisager nos relations
412 1499 957 1561 présentes avec les neutres.
705 1559 1595 1622 Il est bien entendu que jusqu'au jour où les
406 1627 1573 1684 préliminaires de la paix auront été signés, nous resterons
406 1706 1591 1752 entre Alliés. Avant la guerre, de par les statuts mêmes de
408 1764 1595 1819 la Dotation, nous étions une assemblée Internationale ; nous
406 1830 1631 1893 ne le redeviendrons plus qu'une fois la guerre finie, et sous
402 1891 1648 1962 certaines réserves. Pour le moment, nous n'avons pas le droit,
404 1966 1492 2028 en conscience, d'ouvrir nos rangs et nos séances à des
