1753 2197
710 87 833 144 - 7 -
370 181 1593 247 mais sans aller jusqu’à se livrer à des manifestations mys-
368 254 1615 318 tiques ou chevaleresques qui cependant auraient exercé sur le
370 327 1567 382 monde une puissante action morale, il a quand même une pré-
370 386 1650 452 caution essentielle à prendre pour la sauvegarde des Etats-Unis
371 463 1593 527 S'il attend en spectateur passif l'issue de la lutte du bien
368 525 1589 593 et du mal et si c’est le plus gros canon qui l’emporte, quel
366 593 1571 653 sera demain le sort de votre pays, de la civilisation? Vous
364 655 1652 726 aurez laissé triompher la violence ; il faudra donc vous décidez
362 734 1591 789 pour ne pas être, à votre tour, le plus faible, à devenir le
366 803 1610 864 plus fort ; et alors c'est la politique du Président Roosevelt
368 864 1589 924 celle de Lord Roberts, celle de l’impérialisme universel qui
364 926 1591 999 devra s’opposer demain à celle du militarisme prussien vous
364 999 1399 1061 aurez écrasé dans sa fleur l’avenir des Etats-Unis.
465 1065 1639 1135 Quoi qu’il en soit, encouragé par la trop grande habileté,
362 1125 1679 1202 ou par la circonspection, ou€pour€ par l’impuissance des neutres,
364 1199 1666 1270 le militarisme prussien va s’enfoncer de plus en plus avant dans
364 1268 1606 1325 son égarement; il n’est pas honteux, il est fier d’épouvanter
360 1331 1586 1398 le monde ; il se croit respecté parce qu’il est naïf il prend
357 1402 1542 1466 pour de l’admiration le salut qu’il impose aux populations
357 1470 1643 1537 vaincues il arrache aux intellectuels allemands eux-mêmes leur
359 1534 1562 1601 approbation de ses crimes ; il va donc continuer, sans autre
359 1600 1599 1664 obstacle que la résistance matérielle de ses adversaires, son
359 1667 1567 1735 oeuvre hideuse de profanation et de mensonge, anéantir tout
359 1739 1619 1801 ce qui peut mettre en relief la supériorité de la civilisation
357 1797 1569 1865 sur sa bassesse ; il faudra qu’il renverse tout à son niveau.
457 1863 1610 1940 S'il devait du moins réussir, je comprendrais les politi-
355 1933 1648 2008 ciens qui attendent d'où vient le vent, mais il ne réussira pas:
371 2004 1643 2072 plus il tombera de haut plus son écrasement final est certain.
