1747 2197
186 212 430 300 SÉNAT
267 86 498 232 ££
717 139 1036 205 LETTRE N° 512.
1062 234 1518 311 PARIS, le 2 Avril 1919
618 395 1073 481 PROPHYLAXIE
878 593 1215 668 Mon cher Butler,
391 796 1675 869 et de nos pays libérés ; j’ai voulu me rendre compte de l'état de
543 730 1688 798 J'étais récemment dans la Sarthe, à mon retour de Londres
388 867 1595 926 nos routes que j’avais parcourues l’automne dernier avec vos
390 935 1595 997 compatriotes alors arde ment actifs, improvisant partout les
390 1003 1642 1067 camps, les champs de tir, les €écoles€ les hôpitaux.. Aujourd'
1014 979 1084 1027 ££
386 1061 1651 1135 ££hui, ce généreux mouvement a cessé : les camps qui subsistent ne
386 1140 1620 1201 sont plus que des dépôts de passage où les soldats américains,
382 1195 1534 1266 revenant du front, attendent leur tour d'embarquement par
382 1266 1615 1331 Saint-Nazaire ou Brest, ou Bordeaux peut-être. Attente longue,
380 1329 1605 1398 pour des jeunes gens énergiques, tombant subitement de la vie
382 1402 1562 1457 intense à l'oisiveté. J'avais suggéré qu'on leur confiât la
379 1462 1638 1534 réfection de nos routes que leurs camions, avec les nôtres, ont
377 1536 1585 1605 contribué à défoncer, jusqu’à les rendre, en certains points,
111 1653 922 1731 à Monsieur le Président N. Murray BUTLER
380 1733 576 1803 NEW YORK
