1740 2197
102 76 344 238 ££
785 151 1100 227 LETTRE N° 511.-
183 221 419 311 SÉNAT
1086 270 1538 346 PARIS, 1° Avril 1919.
675 443 1181 510 LES LISTES ÉLECTORALES.
696 516 1152 587 LE "JOURNAL FLÉCHOIS".
891 679 1228 739 Mon cher Butler,
697 811 1529 867 Si le Gouvernement, et peut-être aussi la
368 867 1626 939 force des choses, éloignent jusqu’à cet été nos élections géné-
368 937 1566 1008 rales, il n’en faut pas moins dresser dans chaque commune de
364 999 1622 1069 France les listes des électeurs qui pourront voter. Ces listes
366 1076 1571 1135 seront arrêtées cete semaine, le 4 Avril. Cela n’est qu’un
368 1140 1639 1195 commencement, mais c’est tout de même un commencement. Et voici
369 1210 1606 1261 qu'on m’appelle dans la Sarthe à présider d’orageuses réunions
368 1270 1606 1329 préparatoires.- Vous aurez un faible aperçu de ces prochaines
366 1342 1566 1398 réunions, où je dirai, comme devant la Cour d'Assises, toute
368 1409 1527 1461 ma pensée, si vous jetez les yeux sur les articles dont je
368 1471 1511 1537 gratifie sans les signer,- car je suis juge,- le "Journal
368 1547 589 1611 Fléchois".
939 1662 1523 1730 Votre affectueusement dévoué,
1071 1731 1404 1816 ££
172 1850 1108 1922 à Monsieur le Président Nicholas Murray BUTLER,
567 1929 743 1993 NEW-YORK.
195 2061 362 2125 annexes.
