1769 2197
750 93 871 170 - 3 -
487 201 1635 265 Pour que j'en arrive à déclarer que la paix ne peut plus
388 265 1629 327 être rétablie que par la guerre à outrance, alors que s’accu-
386 340 1613 402 mulent autour de moi les ruines et les deuils, alors que les
391 408 1692 470 larmes et le sang le plus précieux coulent maintenant à flot, il
388 472 1613 534 faut que notre devoir de dire tout haut la vérité soit impé-
386 536 1690 596 rieux ;. C’est notre oeuvre d'éducation qui continue de s’imposer
388 598 1668 673 et puisque nos appels répétés à la raison allemande n'ont servi
384 677 1648 739 qu’à faire ressortir l'irréductibilité du caporalisme allemand
382 745 1609 801 ayons la franchise de conclure et déclarons qu’il n’y a rien
384 805 1666 867 à attendre de ce caporalisme, sinon du mal: l’intérêt de l’Alle
384 878 1646 944 magne elle-même est d'en finir avec un régime qui l'a conduite
384 946 1578 1005 en pleine jeunesse et dans son magnifique essor économique,
382 1008 1300 1074 à la pire des guerres, une guerre sans issue.
477 1076 1558 1144 M. A. Carnegie, rentrant le 25 Septembre, à New-York,
382 1140 1584 1201 a-t-il dit aux journaux américains que l’Empereur Guillaume
382 1206 1651 1277 est une victime irresponsable de la caste militaire allemande ?
384 1279 1622 1338 Ses déclarations ont produit en Europe un fâcheux effet, mais
380 1347 1602 1409 comme elles nous ont été transmises par l’un des journaux de
377 1404 1541 1475 M. Hearst "l'Evening News", cela suffit, à mes yeux, pour
380 1471 1600 1534 leur enlever tout caractère véridique. M. Hearst abuse de ce
379 1547 1600 1605 que nous appelons vulgairement les larmes de crocodile ; il a
380 1609 1598 1677 tout fait pour rendre la guerre inévitable, et maintenant le
379 1678 1560 1731 bon apôtre la déplore, il excuse celui qui l’a déclarée, et
379 1739 1659 1805 il nous propose une paix devenue impossible. Notre conciliation
377 1807 1638 1872 reste dans son rôle quand, apràs avoir combattu les manoeuvres
375 1871 1695 1949 de M. Hearst pendant la paix, elle les dénonce pendant la guerre.
