1735 2197
877 119 1007 172 - 2 -
337 283 1562 358 législatives en sont la preuve. Elles ont anti-démocratique,
333 364 688 428 sans aucun doute.
712 428 1590 487 Et ce n'est pas seulement dans nos journaux
333 499 1549 556 et dans les milieux réactionnaires et cléricaux de Paris, et
333 569 1604 626 dans les résultats toujours discutables des élections, qu'on en
333 627 1509 692 voit la preuve. La France a encore dans le sang toute son
329 693 1659 765 histoire, dont plusieurs très grands siècles, pénétrée du souvenir
333 768 1524 825 de la magnificence royale et impériale, - contre un siècle à
329 833 1502 895 peine du souvenir d’une république toujours combattue, pas
331 898 1544 963 toujours heureuse ni raisonnable. Ne pensez pas que le plus
327 959 1581 1028 lointain souvenir soit effacé complètement ; il revit dans les
327 1030 1636 1093 heures de crise ; tous les ennemis, qui sont nombreux, du nivel-
327 1098 1522 1166 lement démocratique, l'entretiennent dans les coeurs par la
326 1155 1579 1237 tradition, par la légende, par l’enseignement, par la tendance
327 1228 1537 1296 que nous avons enfin à nous plaindre toujours de ce que nous
320 1290 1573 1362 avons et à regretter ce que nous n’avons plus. - "Que la Répu-
322 1360 1562 1433 blique était belle.... sous l'Empire ;" disaient nos désabusés,
322 1429 1573 1503 après 1871 : quand la République faisait l’effort terrible que
320 1501 1579 1570 l'on sait pour régénérer la France et bouleverser nos routines,
720 1565 1634 1640 Voici encore un mot qui en dit long, prononcé
316 1633 1555 1706 par une mère, une paysanne, à La Flèche il est vrai, mais par
316 1695 886 1761 une mère, pendant la guerre:
738 1770 1584 1839 "J'ai deux fils aux armées ; je les sacri-
316 1832 921 1898 fierais pour avoir un Roi ! ".
