1766 2197
923 104 1066 166 - 26 -
333 228 1599 298 à Château-du-Loir, puis à Vaas, puis à Aubigné, puis au Lude et
333 298 1498 367 chez moi enfin où je rentre quand même à l'heure du dîner.
1042 430 1397 501 5 Octobre 1919.
606 529 1657 593 Le surlendemain je suis à Paris ; je me rends compte
333 596 1619 662 que le traité de Paix va enfin être approuvé par la Chambre ; il
329 668 1634 725 sera voté la semaine prochaine par le Sénat. J'ai juste le temps
329 737 1597 792 de retourner au Mans où La Ligue des Droits de l'Homme m'a fait
329 801 1557 858 promettre de lui faire, le Samedi 4, une conférence, et où je
329 864 1558 919 surveille les progrès de notre monument Wilbur Wright tout en
327 928 1615 997 préparant mon installation matérielle pour la période électorale
333 999 1656 1056 imminente. Du Mans, je retourne à Créans puis, le lendemain matin
331 1071 1557 1118 je préside mon conseil Municipal à Clermont-Créans et je mets
329 1131 1516 1184 la dernière main aux préparatifs de l'inauguration de notre
327 1188 1634 1252 monument aux morts de la guerre. Cela fait, j'arrive à La Flèche
331 1266 1615 1320 où j'ai, malgré tout, réussi à réorganisér le Comice Agricole du
327 1332 1615 1387 canton. C'est le Dimanche, 5 octobre. M'y voici. Et c’est par
329 1391 1476 1453 là que je termine et que je boucle mon tour de la Sarthe.
604 1455 1615 1517 La Flèche est, comme vous savez, la plus réaction-
329 1530 1575 1583 naire de toutes les villes du département, après ma commune de
329 1596 1573 1653 Clermont-Créans sa digne voisine. Mais comme La Flèche est ma
331 1656 1575 1720 ville natale, je ne puis en désespérer. Et c'est justice. La
327 1726 1687 1790 Flèche est une ville de vieux retraités, de rentiers. de séminaires,
326 1790 1615 1854 de couvents, et par conséquent de bigotes. L'école militaire du
327 1863 1557 1913 Prytanée y entretient, en outre, le plus détestable esprit de
326 1924 1617 1991 caste. C'est charmant de voir ces enfants et ces jeunes gens en
