1749 2197
844 155 1117 247 LETTRE N° 534.
197 225 439 320 SENAT
1151 270 1520 364 PARIS, 23 Mai 1919.
609 461 1498 540 NOTRE COMMISSION D'ENQUETE DANS LES BALKANS.
1060 635 1386 695 Mon cher Butler,
697 800 1569 858 M. VENIZELOS, que j’ai vu souvent soit chez
408 854 1628 919 moi, soit ailleurs, et toujours dons la plus grande cordiali-
408 931 1532 986 té, se préocupe de voir reprendre notre enquête sur les
408 974 1529 1054 faits qui ont suivi les deux guerres balkaniques. Cette
410 1045 1628 1116 préoccupation est très légitime, d'autant plus que MILIOUKOFF
406 1125 1531 1180 a certainement exercé une influence sur notre Commission
406 1191 1587 1250 d’enquête et qu’il s’est montré plutôt pro-bulgare que pro-
404 1259 1604 1312 ser££ et pro-hellène. Je ne serais pas, pour ma part, hostile
402 1327 1613 1385 à l'idée de reprendre, cette fois d'accord avec M. VENIZELOS,
402 1389 1527 1442 une nouvelle enquête après la grande guerre qui s’achève
399 1453 1543 1512 mais, bien entendu, sans tomber dans l’excès contraire et
402 1525 1580 1578 sans pouvoir prêter à l’accusation de partialité contre les
404 1583 1602 1649 Bulgares. Je crois que, organisée par nous et confiée à des
402 1655 1631 1713 hommes de haute valeur morale, comme était Godart par exemple,
1194 1629 1250 1682 en
401 1722 1618 1781 et le regretté Button, une enquête sur les haines balkaniques
401 1785 1639 1847 résultant de l'anarchie que nous connaissons, ne pourra donner
402 1852 1602 1907 que des résultats utiles. Vous verrez sans doute un envoyé
170 2048 1104 2107 à Monsieur le Président Nicholas Murray BUTLER.
