1728 2197
635 109 962 190 LETTRE N° 9 bis
203 272 404 336 SENAT
943 270 1676 342 Clermont-Créans, le 16 Novembre 1914
214 380 459 450 PERSONNELLE
295 536 1517 611 NOTRE ENQUETE DANS LES BALKANS - LES CONVENTIONS de LA HAYE.
533 463 1367 543 FRIED - DAVID STARR-JORDAN - HERRIOT et
295 609 1577 686 L'ENVOI d'une COMMISSION d'ENQUETE AMERICAINE EST-IL POSSIBLE ?
645 682 1244 745 LA NEUTRALITE des ETATS-UNIS
855 818 1198 865 Mon cher Butler,
300 1016 1612 1074 hier matin 15 Novembre, votre affectueux cablogramme de New-York,
516 939 1594 999 Nous avons eu la bonne surprise de recevoir à Créans,
300 1080 1636 1138 ainsi rédigé ; "Félicitations en vous souhaitant vivement des anni-
300 1144 1290 1212 versaires plus heureux à l’avenir". Signé Butler.
522 1215 1238 1272 J'ai répondu aussitôt par celui-ci:
520 1270 1497 1336 Merci."In arduis constans". Signé Destournelles.
518 1336 1555 1396 Jamais cette devise "in arduis constans" qui a tou-
302 1402 1579 1470 jours été la règle de ma vie et qui pourrait être celle de tous
304 1477 1618 1543 les Français, n'a plus exactement qu'aujourd’hui exprimé mon état
302 1545 1621 1609 d'esprit ; jamais je n'ai été plus fermement attaché à notre idéal
302 1600 1678 1667 mais c’est pourquoi j'ai tenu à vous écrire si régulièrement, depuis
304 1675 1603 1735 trois mois ; c’est pourquoi j’enregistre tous les symptômes de la
302 1735 1638 1808 révolte des esprits aux Etats-Unis contre la sauvagerie scientifi-
304 1805 1662 1889 que de la guerre qui nous est faite; c'est pourquoi je suis heureux
185 1937 1004 2010 à Monsieur le Président N. Murray BUTLER
