1745 2197
959 142 1074 201 - 5 -
421 263 1618 342 triompher de la mystification dont mon malheureux pays a été
421 340 1680 410 victime. J'en pleurerais plutôt mais pas en public. Les faits,
419 410 1635 477 hélas ; et à bref délai, vont se charger de parler à ma place;
419 476 1578 541 et plus éloquemment que moi ; avec quelle brutalité, quelle
419 543 1384 609 violence ! Les entendez-vous qui grondent déjà ?
928 697 1512 774 Votre affectueusement dévoué,
1058 781 1523 891 ££
270 1157 1201 1243 à Monsieur le Président Nicholas Murray BUTLER,
662 1235 866 1305 NEW-YORK.
