1747 2197
1212 49 1549 119 ££ ££ ££ ££
1322 108 1444 159 ££
216 104 424 289 ££
1021 195 1393 261 PARIS, 12 mai 1919
822 461 1214 521 Mon cher Président,
520 554 1626 624 J’ai appris par Melle PEYLADE que vous attendiez de moi
362 622 1646 688 une lettre relative aux relèvements de traitement qui paraissent
364 693 1670 757 s’imposer pour le personnel de notre Bureau européen. Depuis bien
362 752 1679 825 longtemps, en effet, j’avais recu à ce sujet de nos collaborateurs
360 829 1666 889 des réflexions et des confidences. Mais il nous avait semblé, aux
358 891 1587 963 uns et aux autres, que le ralentissement amené nécessairement
357 955 1688 1030 dans la vie du bureau par la guerre nous faisait un devoir d’atten-
360 1032 1662 1096 dre des jours plus favorables. Voci que la paix devient enfin une
357 1091 1615 1162 réalité. Elle va amener un retour à notre activité d’autrefois,
358 1164 1679 1237 avec un renouvellement probable de nos initiatives et de nos modes
355 1232 554 1281 d'action.
512 1288 1638 1354 Mais cette paix, contrairement à ce que l'on pouvait es-
353 1358 1637 1420 pérer, est loin d’avoir déterminé une diminution dans le coût de
353 1431 1616 1495 la vie. L'épuisement des stocks de produits, l’interdiction des
353 1495 1651 1558 importations, l’augmentation constante des valeurs fiduciaires en
349 1561 1631 1618 circulation - on vient d'émettre le quarantième milliard de bil-
349 1629 1629 1695 lets, - tout cela n’a fait qu’aggraver la situation. De là, dans
351 1700 1627 1761 toutes les carrières, pour tous les emplois, un inévitable relè-
349 1766 1644 1825 vement des salaires, des traitements et des soldes. Hier même, je
347 1832 1567 1900 lisais dans les journaux du 11 mai que le/Ministre des Travaux
108 1913 1113 1988 à Monsieur le Président d'ESTOURNELLES de CONSTANT
412 1971 582 2015 Sénateur
349 1997 897 2059 34 ter rue Molitor PARIS
