<?xml version="1.0" encoding="UTF-8"  standalone="yes"?>
<PcGts xmlns="http://schema.primaresearch.org/PAGE/gts/pagecontent/2019-07-15" xmlns:xsi="http://www.w3.org/2001/XMLSchema-instance" xsi:schemaLocation="http://schema.primaresearch.org/PAGE/gts/pagecontent/2019-07-15 http://schema.primaresearch.org/PAGE/gts/pagecontent/2019-07-15/pagecontent.xsd">
  <Metadata>
	<Creator>escriptorium</Creator>
	<Created>2022-07-21T12:02:33.302611+00:00</Created>
        <LastChange>2022-07-21T12:02:33.302632+00:00</LastChange>

  </Metadata>
  <Page imageFilename="FRAD072_12J386_lettre0532_annexe01_003.jpg" imageWidth="1747" imageHeight="2197">

    

    
    <TextRegion id="eSc_dummyblock_">
    
    
      <TextLine id="eSc_line_27da2d25" >
        <Coords points="835,265 935,259 961,272 966,243 960,221 945,206 937,203 923,224 921,227 894,217 875,209 865,210 836,195 836,239"/>
        <Baseline points="837,241 968,244"/>
        <TextEquiv>
          <Unicode>- 3 -</Unicode>
        </TextEquiv>
      </TextLine>

    
    
      <TextLine id="eSc_line_5a623634" >
        <Coords points="382,369 382,399 485,389 846,395 1009,397 1010,397 1012,397 1025,393 1045,388 1662,388 1664,366 1659,338 1510,338 1507,336 1488,327 1486,327 1267,327 1265,327 1263,327 1261,327 1247,336 1241,340 1111,340 1107,336 1100,329 1098,329 1096,329 1095,329 1093,329 1091,329 1080,336 1076,338 1062,336 1023,331 1021,331 981,336 950,340 904,336 844,331 842,331 840,331 818,336 802,340 796,336 787,329 785,329 783,329 781,329 380,335 382,369"/>
        <Baseline points="382,369 1664,366"/>
        <TextEquiv>
          <Unicode>un nouvel exercice financier dont il faut, dès à présent, prépa-</Unicode>
        </TextEquiv>
      </TextLine>

    
    
      <TextLine id="eSc_line_cedf1772" >
        <Coords points="382,435 382,461 1507,452 1602,459 1605,428 1600,406 380,410 382,435"/>
        <Baseline points="382,435 1605,428"/>
        <TextEquiv>
          <Unicode>rer les éléments. Dans les prévisions de budget que vous avez</Unicode>
        </TextEquiv>
      </TextLine>

    
    
      <TextLine id="eSc_line_9b0ee848" >
        <Coords points="382,499 382,527 1646,525 1648,503 1644,474 437,474 382,465 382,499"/>
        <Baseline points="382,499 1648,503"/>
        <TextEquiv>
          <Unicode>bien voulu établir et transmettre le 1er janvier dernier à M. le</Unicode>
        </TextEquiv>
      </TextLine>

    
    
      <TextLine id="eSc_line_2ffb05a3" >
        <Coords points="382,567 380,589 390,596 391,596 393,596 395,596 824,589 1040,598 1041,598 1695,589 1697,571 1697,541 382,541 382,567"/>
        <Baseline points="382,567 1697,571"/>
        <TextEquiv>
          <Unicode>Président N. Murray BUTLER (annexe à la lettre 462), vous écriviez</Unicode>
        </TextEquiv>
      </TextLine>

    
    
      <TextLine id="eSc_line_0af223bd" >
        <Coords points="386,635 384,653 454,670 455,671 747,671 747,670 748,670 787,657 868,666 869,666 871,666 895,657 1140,670 1142,670 1144,670 1171,660 1204,671 1206,671 1208,671 1283,659 1384,659 1389,659 1400,668 1402,668 1404,668 1406,668 1543,659 1552,659 1558,659 1633,671 1635,671 1637,671 1666,659 1668,638 1664,606 386,609 386,635"/>
        <Baseline points="386,635 1668,638"/>
        <TextEquiv>
          <Unicode>&quot;...Après la guerre. – Il y a lieu de prévoir en outre en raison</Unicode>
        </TextEquiv>
      </TextLine>

    
    
      <TextLine id="eSc_line_ff85b498" >
        <Coords points="380,706 380,728 1681,735 1682,706 1681,675 380,675 380,706"/>
        <Baseline points="380,706 1682,706"/>
        <TextEquiv>
          <Unicode>de l&#39;augmentation du prix de toutes choses, la nécessité d’accor-</Unicode>
        </TextEquiv>
      </TextLine>

    
    
      <TextLine id="eSc_line_d2d3b72d" >
        <Coords points="379,768 379,794 1585,792 1587,774 1585,748 379,737 379,768"/>
        <Baseline points="379,768 1587,774"/>
        <TextEquiv>
          <Unicode>der des augmentations de traitement ou des indemmités de vie</Unicode>
        </TextEquiv>
      </TextLine>

    
    
      <TextLine id="eSc_line_fc5b454c" >
        <Coords points="380,836 379,858 1618,860 1622,840 1620,812 380,811 380,836"/>
        <Baseline points="380,836 1622,840"/>
        <TextEquiv>
          <Unicode>chère..... Les dépenses du Bureau seront approximativement les</Unicode>
        </TextEquiv>
      </TextLine>

    
    
      <TextLine id="eSc_line_809b06b8" >
        <Coords points="379,902 377,922 388,931 390,931 391,931 393,931 1659,926 1660,908 1659,884 1605,873 1604,873 1602,873 1563,882 1562,882 1560,882 1496,873 1494,873 1432,882 1424,882 1395,882 1146,871 1144,871 1080,880 1071,880 811,880 809,878 798,869 796,869 794,869 792,869 791,869 759,878 756,878 752,878 725,869 723,869 721,869 719,869 688,876 681,878 664,876 585,869 584,869 379,875 379,902"/>
        <Baseline points="379,902 1660,908"/>
        <TextEquiv>
          <Unicode>suivantes ; 1ère Partie. A. - Augmentation du chiffre des traite-</Unicode>
        </TextEquiv>
      </TextLine>

    
    
      <TextLine id="eSc_line_70c14288" >
        <Coords points="379,968 379,999 549,992 562,999 564,1001 565,1001 567,1001 569,1001 571,1001 575,999 593,992 635,999 648,1001 650,1003 650,1001 664,999 706,992 866,999 974,1003 976,1003 1005,997 1030,994 1036,997 1043,1005 1045,1005 1047,1005 1049,1006 1228,1006 1228,1005 1230,1005 1248,997 1256,995 1267,997 1305,1005 1307,1005 1393,997 1397,997 1408,1006 1410,1006 1411,1006 1413,1008 1545,1008 1545,1006 1547,1006 1567,997 1649,1006 1651,1006 1653,1006 1688,995 1690,975 1690,950 379,941 379,968"/>
        <Baseline points="379,968 1690,975"/>
        <TextEquiv>
          <Unicode>ments d&#39;indemnités de vie chère (en moyenne mille francs par per-</Unicode>
        </TextEquiv>
      </TextLine>

    
    
      <TextLine id="eSc_line_cfe7d106" >
        <Coords points="379,1038 377,1065 1338,1067 1342,1043 1340,1017 379,1010 379,1038"/>
        <Baseline points="379,1038 1342,1043"/>
        <TextEquiv>
          <Unicode>sonne employée), soit, pour 9 personnes.....</Unicode>
        </TextEquiv>
      </TextLine>

    
    
      <TextLine id="eSc_line_2d309fe2" >
        <Coords points="1411,1043 1411,1060 1470,1072 1472,1072 1622,1060 1622,1039 1616,1016 1410,1017 1411,1043"/>
        <Baseline points="1411,1043 1622,1039"/>
        <TextEquiv>
          <Unicode>9.000 Frs</Unicode>
        </TextEquiv>
      </TextLine>

    
    
      <TextLine id="eSc_line_689e1c1f" >
        <Coords points="532,1136 531,1158 1653,1164 1657,1142 1655,1111 532,1107 532,1136"/>
        <Baseline points="532,1136 1657,1142"/>
        <TextEquiv>
          <Unicode>Avant de faire état de ces prévisions, il convient d’en-</Unicode>
        </TextEquiv>
      </TextLine>

    
    
      <TextLine id="eSc_line_9d1e1025" >
        <Coords points="375,1204 373,1222 1651,1237 1655,1212 1653,1186 375,1173 375,1204"/>
        <Baseline points="375,1204 1655,1212"/>
        <TextEquiv>
          <Unicode>visager la situation présente. Les chiffres mensuels des traite-</Unicode>
        </TextEquiv>
      </TextLine>

    
    
      <TextLine id="eSc_line_4914e028" >
        <Coords points="375,1268 373,1287 404,1298 406,1298 408,1298 558,1290 602,1301 604,1301 606,1301 1018,1294 1073,1305 1074,1305 1263,1296 1270,1305 1272,1305 1272,1307 1274,1307 1276,1307 1278,1307 1344,1298 1417,1307 1419,1307 1492,1296 1494,1277 1492,1246 375,1239 375,1268"/>
        <Baseline points="375,1268 1494,1277"/>
        <TextEquiv>
          <Unicode>ments de notre personnel sont actuellement les suivants:</Unicode>
        </TextEquiv>
      </TextLine>

    
    
      <TextLine id="eSc_line_45308560" >
        <Coords points="375,1332 373,1362 1300,1367 1303,1342 1300,1305 1171,1314 1148,1305 1146,1305 1144,1305 1142,1305 1117,1314 933,1314 913,1305 906,1301 904,1301 820,1301 818,1301 816,1301 814,1301 814,1303 813,1305 805,1310 736,1305 683,1299 681,1299 631,1305 582,1309 558,1305 525,1298 523,1298 375,1303 375,1332"/>
        <Baseline points="375,1332 1303,1342"/>
        <TextEquiv>
          <Unicode>Secrétaire Général du Bureau (M. PRUDHOMMEAUX)</Unicode>
        </TextEquiv>
      </TextLine>

    
    
      <TextLine id="eSc_line_0ab3a65e" >
        <Coords points="1459,1338 1457,1363 1598,1367 1602,1342 1600,1305 1459,1310 1459,1338"/>
        <Baseline points="1459,1338 1602,1342"/>
        <TextEquiv>
          <Unicode>583,33</Unicode>
        </TextEquiv>
      </TextLine>

    
    
      <TextLine id="eSc_line_5b4b0e06" >
        <Coords points="373,1402 373,1426 748,1424 748,1402 747,1373 373,1376 373,1402"/>
        <Baseline points="373,1402 748,1402"/>
        <TextEquiv>
          <Unicode>Secrétaire-adjoint</Unicode>
        </TextEquiv>
      </TextLine>

    
    
      <TextLine id="eSc_line_218fd5a6" >
        <Coords points="944,1406 944,1435 1164,1428 1164,1406 1162,1369 944,1378 944,1406"/>
        <Baseline points="944,1406 1164,1406"/>
        <TextEquiv>
          <Unicode>(M. PUECH)</Unicode>
        </TextEquiv>
      </TextLine>

    
    
      <TextLine id="eSc_line_10eb1339" >
        <Coords points="1459,1407 1459,1428 1496,1439 1497,1439 1499,1439 1598,1429 1598,1407 1596,1376 1459,1382 1459,1407"/>
        <Baseline points="1459,1407 1598,1407"/>
        <TextEquiv>
          <Unicode>416,00</Unicode>
        </TextEquiv>
      </TextLine>

    
    
      <TextLine id="eSc_line_1819c7ec" >
        <Coords points="373,1466 371,1488 384,1495 386,1495 388,1495 536,1497 538,1497 864,1490 866,1471 866,1446 373,1437 373,1466"/>
        <Baseline points="373,1466 866,1471"/>
        <TextEquiv>
          <Unicode>Vérificateur des comptes</Unicode>
        </TextEquiv>
      </TextLine>

    
    
      <TextLine id="eSc_line_9f03eb79" >
        <Coords points="941,1471 941,1492 972,1503 974,1503 976,1503 977,1503 1007,1495 1012,1493 1019,1495 1045,1503 1047,1503 1049,1504 1281,1504 1281,1471 1281,1448 941,1448 941,1471"/>
        <Baseline points="941,1471 1281,1471"/>
        <TextEquiv>
          <Unicode>(M. Th. RUYSSEN)</Unicode>
        </TextEquiv>
      </TextLine>

    
    
      <TextLine id="eSc_line_1c49734c" >
        <Coords points="1459,1473 1459,1501 1602,1497 1602,1473 1602,1444 1459,1444 1459,1473"/>
        <Baseline points="1459,1473 1602,1473"/>
        <TextEquiv>
          <Unicode>250,00</Unicode>
        </TextEquiv>
      </TextLine>

    
    
      <TextLine id="eSc_line_28a57366" >
        <Coords points="375,1536 375,1558 791,1558 791,1536 791,1510 375,1503 375,1536"/>
        <Baseline points="375,1536 791,1536"/>
        <TextEquiv>
          <Unicode>Secrétaire comptable</Unicode>
        </TextEquiv>
      </TextLine>

    
    
      <TextLine id="eSc_line_d07f26c1" >
        <Coords points="946,1539 946,1565 1237,1563 1237,1539 1237,1515 946,1512 946,1539"/>
        <Baseline points="946,1539 1237,1539"/>
        <TextEquiv>
          <Unicode>(Mlle PEYLADE)</Unicode>
        </TextEquiv>
      </TextLine>

    
    
      <TextLine id="eSc_line_5de4eb77" >
        <Coords points="1459,1539 1459,1570 1595,1570 1595,1539 1595,1515 1459,1515 1459,1539"/>
        <Baseline points="1459,1539 1595,1539"/>
        <TextEquiv>
          <Unicode>350,00</Unicode>
        </TextEquiv>
      </TextLine>

    
    
      <TextLine id="eSc_line_c46baeac" >
        <Coords points="373,1605 373,1627 864,1629 866,1605 866,1581 465,1570 463,1570 373,1581 373,1605"/>
        <Baseline points="373,1605 866,1605"/>
        <TextEquiv>
          <Unicode>Secrétaire dactylographe</Unicode>
        </TextEquiv>
      </TextLine>

    
    
      <TextLine id="eSc_line_49b12cf6" >
        <Coords points="941,1627 1001,1640 1003,1640 1038,1633 1054,1629 1067,1633 1084,1640 1085,1640 1087,1640 1124,1636 1170,1631 1234,1640 1236,1605 1234,1572 981,1580 943,1569 941,1605 941,1627"/>
        <Baseline points="941,1605 1236,1605"/>
        <TextEquiv>
          <Unicode>(Mlle BERUBET)</Unicode>
        </TextEquiv>
      </TextLine>

    
    
      <TextLine id="eSc_line_025a62ca" >
        <Coords points="1459,1607 1459,1631 1523,1640 1525,1640 1595,1627 1595,1603 1591,1578 1457,1574 1459,1607"/>
        <Baseline points="1459,1607 1595,1603"/>
        <TextEquiv>
          <Unicode>300,00</Unicode>
        </TextEquiv>
      </TextLine>

    
    
      <TextLine id="eSc_line_b93f1a0c" >
        <Coords points="369,1671 369,1700 564,1699 565,1699 593,1688 593,1667 587,1638 393,1644 368,1634 369,1671"/>
        <Baseline points="369,1671 593,1667"/>
        <TextEquiv>
          <Unicode>Archiviste</Unicode>
        </TextEquiv>
      </TextLine>

    
    
      <TextLine id="eSc_line_41dce95e" >
        <Coords points="944,1673 944,1706 999,1713 1001,1713 1003,1713 1018,1708 1045,1695 1104,1695 1146,1709 1151,1711 1153,1711 1155,1711 1214,1709 1214,1669 1208,1640 943,1644 944,1673"/>
        <Baseline points="944,1673 1214,1669"/>
        <TextEquiv>
          <Unicode>(Mlle AMELOT)</Unicode>
        </TextEquiv>
      </TextLine>

    
    
      <TextLine id="eSc_line_3850b310" >
        <Coords points="1455,1673 1454,1693 1591,1706 1595,1677 1595,1653 1455,1649 1455,1673"/>
        <Baseline points="1455,1673 1595,1677"/>
        <TextEquiv>
          <Unicode>100,00</Unicode>
        </TextEquiv>
      </TextLine>

    
    
      <TextLine id="eSc_line_3a0227c0" >
        <Coords points="369,1735 369,1763 710,1761 710,1735 708,1700 426,1709 369,1700 369,1735"/>
        <Baseline points="369,1735 710,1735"/>
        <TextEquiv>
          <Unicode>M. Fr. BOUSSARIE</Unicode>
        </TextEquiv>
      </TextLine>

    
    
      <TextLine id="eSc_line_72ecad60" >
        <Coords points="1481,1741 1481,1766 1598,1764 1598,1741 1596,1713 1481,1717 1481,1741"/>
        <Baseline points="1481,1741 1598,1741"/>
        <TextEquiv>
          <Unicode>35,00</Unicode>
        </TextEquiv>
      </TextLine>

    
    
      <TextLine id="eSc_line_409025c2" >
        <Coords points="375,1803 375,1825 628,1834 631,1799 628,1775 373,1774 375,1803"/>
        <Baseline points="375,1803 631,1799"/>
        <TextEquiv>
          <Unicode>M. LEPECHEUX</Unicode>
        </TextEquiv>
      </TextLine>

    
    
      <TextLine id="eSc_line_b187d04a" >
        <Coords points="1479,1805 1477,1830 1596,1834 1600,1808 1600,1774 1479,1770 1479,1805"/>
        <Baseline points="1479,1805 1600,1808"/>
        <TextEquiv>
          <Unicode>20,00</Unicode>
        </TextEquiv>
      </TextLine>

    
    
      <TextLine id="eSc_line_dba6d647" >
        <Coords points="527,1902 525,1929 1334,1929 1342,1929 1391,1938 1393,1938 1593,1929 1595,1911 1595,1885 1378,1869 1377,1869 1168,1880 1087,1867 1085,1867 1084,1867 1058,1880 954,1880 659,1863 657,1863 655,1863 622,1874 551,1865 549,1865 547,1865 527,1874 527,1902"/>
        <Baseline points="527,1902 1595,1911"/>
        <TextEquiv>
          <Unicode>Mlle AMELOT touche en outre par mois 20 francs comme</Unicode>
        </TextEquiv>
      </TextLine>

    
    
      <TextLine id="eSc_line_4c50d3b0" >
        <Coords points="368,1968 366,1988 379,1997 380,1997 382,1997 384,1997 498,1990 554,1999 556,2001 1670,2001 1671,1980 1670,1949 368,1940 368,1968"/>
        <Baseline points="368,1968 1671,1980"/>
        <TextEquiv>
          <Unicode>bibliothécaire de la Bibliothèque PASSY et, depuis le 1er janvier</Unicode>
        </TextEquiv>
      </TextLine>

    
    </TextRegion>
    
  </Page>
</PcGts>
