1744 2197
780 97 904 155 - 6 -
379 184 1634 263 sait qu’elle l'a voulue, qu’elle n'a jamais cessé d’y pousser.
379 261 1599 325 Tous ses efforts pour nuire se retournent, une fois de plus,
379 320 1646 397 contre elle. A la Flèche, c’est une assez vilaine comédie soi-
379 393 1648 455 disant patriotique, mais percée à jour ; la vieille réaction ne
377 455 1610 530 voit dans la guerre qu’une campagne électorale ; elle en pro-
381 525 1650 595 fite pour m’outrager, (voyez les journaux ci-joints ) dans l’es-
379 591 1689 666 poir de me discréditer et de m’attirer le plus possible de désa-
382 664 1674 735 gréments ; elle me dénonce comme l’ami de l’Allemagne ; elle vou-
382 726 1610 796 drait voir brûler Créans comme un refuge de tous les ennemis
382 798 1689 864 de la France ; elle me condamne à mort dans ses cafés et dans ses
382 871 1667 931 cercles ; elle inquiéte jusqu’à mes amis, en colportant des his-
382 933 1590 1008 toires d’espion, en signalant mes relations avec l’Empereur
382 1003 1630 1065 d'Allemagne à qui j’aurais fait prêter deux milliards !!! par
388 1078 1630 1144 Carnegie !! etc. etc. Tout cela finalement ne touche que les
384 1135 1595 1210 sots et les médisants ; le peuple, la foule de ceux qui sont
384 1206 1632 1272 maintenant dévoués à ma politique, à notre politique, restent
382 1270 1672 1336 plus fid èles que jamais ; ils se taisent, attendent la fin de la
384 1336 1573 1406 guerre et sachant très bien qu'en fait ce qui est en cause
386 1406 1650 1473 ce n’est pas tant l’Allemagne que la réaction allemande, l'Em-
384 1479 1650 1536 pire Allemand, le militarisme allemands ; sachant aussi que si
386 1537 1593 1601 cette réaction allemande avait pu être abattue plus tôt, la
386 1607 1641 1677 guerre n'aurait pas été déchainée. Ainsi, loin d'être aveugle,
386 1671 1604 1741 l'opinion s’éveille à la vérité. Ce qui fait la grandeur et,
384 1748 1634 1808 pour tout dire, hèlas, la beauté de cette guerre atroce c’est
388 1803 1238 1876 qu’elle est une guerre d’affranchissement.
588 1867 1701 1937 Les hobereaux de Berlin une fois réduits à l'impuissan-
390 1940 1652 2008 ce, ceux de Paris, de la Flèche et de partout verront leur do-
386 2017 1654 2068 mination, déjà bien atteinte, réduite à néant. Profitons de ce
