1735 2197
839 117 938 175 - 2 -
368 248 1537 309 traduction et qu’il suffirait de faire commenter simplement
366 320 1463 382 par une des nombreuses Américaines, dont l'action s’est
366 393 1573 450 exercée XXX avec tant de courage et d’efficacité chez vous.
659 459 1484 523 Voyez ce que vous en pensez et ce que vous
364 523 1522 573 croyez pouvoir faire. Je sais bien qu’aux Etats-Unis vous
366 591 1484 648 êtes arrivés au but dont nous essayons seulement de nous
366 657 1465 708 approcher, mais il faut bien dire que votre intérêt est
364 721 1612 778 d'accord avec le nôtre pour faire disparaître ou pour atténuer,
368 787 1500 842 en Europe, les ravages de l’alcoolisme, incompatible avec
370 851 1390 906 toute organisation sincère de la paix.
659 917 1542 970 Pour vous donner un aperçu plus précis de la
368 977 1544 1039 très habile mise en scène de cette propagande de Cauvin, je
368 1045 1557 1113 vous envoie également ci-joint quelques exemplaires de l’an-
368 1111 1502 1171 nonce de la conférence qu’il va faire demain, à Paris, et
370 1173 1542 1248 que je préside, aux sociétés Savantes, sous le patronage de
370 1252 1243 1310 nos plus puissantes organisations ouvrières.
1049 1365 1511 1437 Affectueusement à vous,
1044 1464 1335 1567 ££
192 1631 1119 1708 à Monsieur le Président Nicholas Murray BUTLER,
611 1706 798 1774 NEW-YORK.
197 1865 404 1929 2 annexes.
