1745 2197
192 102 706 188 Annexe à ma lettre N° 498.
457 236 1083 313 COPIE de la LETTRE ADRESÉE PAR
514 318 1387 377 M. Alberto d'OLIVEIRA, Ministre du Portugal
552 373 1495 452 à M. le Président d'ESTOURNELLES de CONSTANT .
1023 505 1433 573 PARIS, 12 Mars 1919.
712 655 1312 728 Mon cher Baron d'Estournelles,
633 829 1596 887 Je constate que personne n’a été nommé jusqu’ici
422 878 1552 955 comme représentant du Portugal dans la Dotation Carnegie,
422 946 1598 1021 à la place de M. le Dr. J. de PAÏVA, décédé il y a quelques
422 1017 1499 1087 anées. Je me permets donc de vous proposer, pour lui
422 1083 1596 1147 accéder, mon ami le Comte de PENHA-GARCIA, ancien Ministre
422 1153 1554 1219 des Finances, ancien Président de la Chambre des Députés
419 1230 1582 1283 membre de la Cour Permanente d'Arbitrage de La Haye. M. de
421 1285 1560 1349 PENHA-GARCIA a pris part, à diverses reprises, aux confé-
422 1362 1501 1418 rences inter-parlementaires de la paix ; (je crois même
421 1428 1539 1473 qu'il était un des membres de leur comité Exécutif. Il
422 1490 1558 1541 est, non seulement un homme d'Etat éminent, mais aussi un
422 1558 1576 1614 conférencier en langue française très distingué, qui s’est
428 1612 1582 1673 fait apprécier comme tel à Paris à Bordeaux à Bruxelles.
430 1655 1613 1708 Il a autrefois été un brillant élève de l'Ecole des Sciences
424 1691 1576 1742 politiques de Paris, avec laquelle il est toujours en rap-
424 1722 1589 1775 ports suivis. Enfin, il habite Genève, ( Villa "le crillon"
424 1761 1536 1801 28, chemin des Cottages ) ; il est ainsi tout près de vous
424 1786 1550 1836 et pourra rendre à votre cause des services bien plus ef-
424 1821 1596 1871 fectifs que moi-même, toujours errant par monts et par vaux.
426 1885 1613 1931 dans l'intérêt surtout de la Dotation Carnegie, et vous prie
659 1856 1547 1902 Je compte donc que ma suggestion sera agréée,
432 1918 1556 1964 de croire mon cher sénateur et ami, à mes sentiments les
424 1955 930 2006 plus dévoués et cordiaux.
992 2006 1530 2068 Signé: Alberto d'OLIVEIRA.
