1745 2197
840 183 955 234 - 3 -
397 303 1666 371 lui présentait les réfugiés Belges et, devant son conseil muni-
386 380 1664 443 cipal réuni, XXX lui disait bien haut mais simplement ces nobles
380 433 600 508 paroles. "
545 510 1563 574 "Monsieur le Ministre, sans les Belges, ce sont les
380 573 953 642 Allemands qui seraient ici !!"
540 640 1693 706 En somme, les Américains ont réussi, quand même, à conser-
395 706 1600 763 ver, au mois de Mars 1910, quatre mois après l'armistice, la
382 778 1647 831 discipline parmi leurs hommes ; prenons-en acte, et rendons leur
380 842 1585 906 cette justice. Il a fallu, tout de même, de la méthode et de
380 909 1602 964 l’énergie pour arriver à ce résultat. De la méthode? je dirai
379 981 1598 1038 plus: du soin, des soins qui devraient nous servir d’exemple.
532 1036 1596 1100 C'est ainsi qu’à l’approche de chaque camp, je voyais
380 1100 1660 1175 invariablement une baraque avec cette inscription en gros carac-
377 1164 1241 1239 tères, sur le bord de la route: PROPHYLAXIE.
529 1244 1616 1307 Je me suis renseigné ; voici: La syphilis, je vous l'ai
373 1301 1613 1363 dit, a fait des ravages dans nos armées et de là dans le pays.
371 1374 1649 1435 On ne pouvait pas en parler pendant la guerre, naturellement, et
703 1354 789 1396 ££
369 1437 1613 1499 le mal ainsi s’est propagé d’autant mieux. Mais les Américains
368 1493 1647 1578 dès longtemps, se préoccupaient du danger. Vous aviez réussi à le
366 1574 1624 1638 prévenir ou à l'atténuer dans la marine où les hommes sont plus
366 1631 1677 1708 facilement surveillés que dans l’armée. Mais en pays d’occupation,
379 1708 1622 1770 comment surveiller vos troupes ? Vous y êtes arrivés, par votre
362 1770 1695 1834 organisation sanitaire,: remarquablement me dit un médecin français:
375 1841 1702 1922 comme y sont arrivés les Italiens chez eux, comme nous n’y arrivons
379 1894 465 1969 pas.
514 1964 690 2034 Comment?
