1774 2197
897 162 1007 221 - 8 -
342 287 1629 357 importante, et je me rendis à la mairie où le banquet était pré-
337 362 1587 428 paré, exactement comme avant la guerre, plus d'une centaine de
339 421 1603 490 convives, malgré le temps et les circonstances si défavorables.
340 503 1625 556 Des allocutions cordiales furent échangées et je m'excusai de ne
339 565 1588 618 pouvoir prendre place à table. On m’attendait au chef-lieu de
340 631 1665 690 l’arrondissement, à Mamers, pour présider une fête semblable, mais
340 692 1625 756 plus imposante et doublée d'un vin d’honneur offert par la Muni-
340 757 1654 820 cipalité aux soldats démobilisés rentrés à leurs foyers. C'était
340 822 1653 886 en grand, la même cérémonie de celle que j’avais organisée, le 14,
337 887 1625 946 dans ma commune de Clermont-Créans. Malgré la pluie, grâce à la
339 952 1660 1019 marche parfaite de mon auto, je franchis cette nouvelle étape avec
339 1021 1645 1083 une régularité chronométrique, laissant la grande route d'Alençon
339 1093 1654 1158 et(c)celle de la belle forêt de Perseigne pour couper ou plus court,
328 1151 1255 1221 par ces jolis villages aux vieux noms parlants.
318 1222 1543 1310 Chérisay, Bourg-le-Roy, Louvigny, ou Rouessé-Fontaine, Saint-
1237 1179 1638 1246 : le petit Oisseau,
317 1299 1566 1371 Rémy-du-Plein, Saint-Rémy-des-Ponts. Je ne sais pourquoi, les
313 1360 1592 1433 noms de tout ce coin du département sont pleins d’histoire et de
313 1422 1577 1508 poésie: Pré en Pail, la Pooté, Mieuxé, Héloup, Champleur, Saint-
313 1490 1561 1570 Rigormer-des-Bois, Marollette, Douillet-le-Joly, Montreuil-le-
311 1554 1594 1631 Chétif, Saint-Léonard-des-Bois, Saint-Oneu-de-Mé, Saint-Paul-le-
311 1625 1596 1706 Gandelin, Saint-Pierre-des-Ormes, Saint-Vincent-des-Prés, Saint-
311 1693 1526 1772 Christophe-du-Jambet, Boucelles, Saint-Germain-de-la-Coudre,
306 1752 1673 1830 Bonnétable, Saint-Georges-du-Rocay, Rouperoux-le-Coquet, la Chapelle
307 1829 1612 1904 des-Bois, Saint-Martin-des-Monts, Saint-Aubin de Loquenay, Saint-
150 1885 218 1946 ££
304 1893 1550 1971 Ouen-de-Mimbré, Greez-sur-Roc, Saint-Jean-des-Echelles, Saint-
304 1960 1631 2039 Hilaire-le-Lierru, ...... Le charme surprenant de ce pays est sa
304 2024 1510 2101 variété, sa fraicheur, en même temps que l’ancienneté partout
