1733 2197
239 153 443 232 SENAT
736 84 1031 146 LETTRE N° 586.
1053 248 1597 322 Paris, le 13 novembre 1919
573 422 1304 488 LE COMPTE RENDU des COMITÉS SECRETS
657 483 1177 563 de la CHAMBRE des DÉPUTÉS
859 649 1199 721 Mon cher Butler,
401 845 1579 913 ai annoncé qu’à la suite d'un discours très impressionnant
560 778 1619 854 Par ma lettre du 15 octobre dernier, N° 570, je vous
401 915 1637 983 de PAINLEVÉ, la Chambre des Dépu€e€tés av/ait décidé de publier
403 984 1582 1045 les comptes-rendus des séances qu’elle a tenues en Comité
403 1052 1659 1120 secret pendant la gue/rre. Cette publication ne s’est pas fait
401 1124 1676 1182 attendre. En voici le commencement que vous tiendrez, j’en suis
403 1193 1591 1263 sûr, à conserver dans vos archives et à votre bibliothèque
401 1254 1036 1314 à l'appui de ma correspondance.
566 1318 1141 1387 Votre affectueusement dévoué
906 1387 1280 1482 ££
207 1545 1020 1629 à Monsieur le Président N. Murray BUTLER
406 1629 588 1706 NEW YORK
