1750 2197
745 91 870 161 - 5 -
364 179 1610 259 ont donné tort, depuis 44 ans, à cette politique qui n'a même
364 250 1614 325 plus un prétendant déclaré ; peu importe, on espère quand même
364 318 1618 382 un recul de l'opinion, si on pouvait descendre au fond de ces
370 389 1673 455 âmes qui n’en sont pas, on y verrait que leur secret désir c’est
370 450 1667 527 la maximum possible de catastrophes nationales pour que la Répu-
366 527 1610 593 blique en meure! Aussi faut-il les voir chercher dans le ré-
368 587 1616 662 gime parlementaire l’explication de toutes nos faiblesses, de
370 659 1608 721 toutes nos déceptions les plus humaines ; ils ne cessent d'in
370 730 1577 790 voquer contre le parti républicain et, ici, personnellement
370 796 1614 865 contre moi, notre résistance à la loi de trois ans, ma résis-
370 865 1676 928 tance au vote des cuirassés, l'insuffisance de nos mitrailleuses
370 939 1616 994 et de notre grosse artillerie, etc, etc. La vérité est que la
368 1001 1630 1072 France est aujourd’hui défendue par ses réserves, ses territo-
370 1060 1563 1133 riaux, tous ses enfants et non par trois classes seulement.
370 1135 1676 1201 Si les centaines de millions, les milliards qu'on a gaspillés en
370 1199 1630 1261 casernes et en cuirassés, avaient été consacrés, pour une fai-
368 1270 1616 1332 ble part seulement, à nous donner plus de mitrailleuses, plus
368 1331 1669 1404 de canons, plus de forts, plus d’officiers, plus de camps d’ins-
370 1395 1574 1461 truction, plus de chemins de fer, les Allemands ne seraient
368 1470 1654 1536 peut-être même pas entrés en France ; mais passons.....; il n’en
371 1530 1654 1601 reste pas moins ce fait que la réaction profite partout de la g
368 1605 1594 1667 guerre pour essayer de nuire à la République. Et c’est là ce
370 1673 1555 1739 qu’il est important de constater,- après bientôt deux mois
370 1735 1632 1794 des épreuves quotidiennes d’une guerre pénible, elle n'y réus-
371 1808 1632 1867 sit nullement, au contraire ; c’est à qui me dit tous les jours
371 1871 1647 1931 et partout dans le pays, - sauf dans les salons!! de La Flèche,-
366 1931 1616 2021 la réaction ne gagne pas à la guerre; elle y perd, car chacun
