1751 2197
745 128 857 173 - 4 -
379 221 1582 298 de dégoût et même d’inquiétude le monde entier ; cette igno-
377 298 1620 369 minieuse brutalité du caporalisme prussien devenue souveraine
375 366 1558 428 maîtresse, par la force des choses, contre la volonté même
377 433 1540 507 de l’Empereur, contre la protestation de toute l'élite de
379 501 1582 565 l'Allemagne, celle des Zorn, des Foerster, des Nippold, des
379 562 1622 638 Bebel, etc. etc. a fini par être une menace et un danger pour
380 638 1578 712 l’Allemagne elle-même. Tout cela s’enchaîne et l’Allemagne,
377 703 1562 776 quoi qu’il arrive ne peut sortir victorieuse d’une guerre
377 759 1690 842 qui n'est elle-même que le dénouement de l’abus de ses victoires.
379 831 1622 904 Elle en est exactement au point qu’indiquait, il y a cent ans
377 902 1544 963 Benjamin Constant quand, dénonçant la folie Napoléonienne
379 972 1600 1036 déjà "anachronique, suivant lui, il écrivait : "De nos jours
380 1034 1199 1103 Carthage aurait tout le monde pour elle"
575 1102 1672 1155 Or aujourd'hui Carthage ce n’est plus Paris seulement,
380 1168 1641 1221 c’est Bruxelles, c’est Londres, c’est New-York, c’est toute la
379 1232 1523 1305 terre que la caducité du régime impérial Austro-Allemand
375 1299 714 1384 prétend dominer.
575 1367 1663 1418 L'issue d'une aussi stupide et monstrueuse prétention
377 1435 1674 1488 n’est pas douteuse, même si le nombre afflux d’un monde nouveau,
379 1501 1619 1554 la race slave, ne devait pas venir se déverser sur le dos des
379 1572 1641 1627 armées allemandes, comprenez bien ceci, répétez-le, publiez-le
379 1629 1677 1691 si vous voulez ; la France, la Belgique, l’Angleterre peuvent su-
379 1702 1602 1755 bir échec sur échec, elles s'y préparent, elles/s’y attendent
377 1766 1657 1819 elles ne se décourageront pas ; et les armées allemandes s’épui-
377 1829 1615 1900 seront inutilement à tuer, à bruler, à détruire, elles se dé-
379 1904 1637 1960 truiront elles mêmes à la fin. Notre tactique nationale est de
379 1973 1653 2026 les prendre à leur propre pi ège et de les us€s€er. Mais que sera-
377 2043 1648 2101 ce jour où l'inondation de la race slave s’avançant inexorable,
