1733 2197
930 162 1049 225 - 8 -
377 287 1571 360 dans sa gloire......... avant les élect ions à la Présidence
377 360 870 422 de la République........
716 426 1608 488 En fait, on aura abusé des deuils, des souf-
377 496 1571 558 frances, des ruines du pays pour le précipiter plus avant à
379 569 556 624 l'abîme.
714 627 1568 690 Souvent la peur d'un mal nous conduit dans
377 695 1650 754 un pire ; la peur du bolchevisme nous a conduits à la réaction;
377 757 1580 823 or la réaction a toujours été, est et sera toujours égoiste,
377 825 1509 886 anti-sociale, protectionniste et xénophobe ; en d’autres
377 904 1551 950 termes, nous voilà, au lendemain de la guerre, orientés de
377 972 1628 1028 nouveau et plus que jamais vers la guerre. A moins que, d'ici
379 1025 1588 1094 deux ou trois ans, l'opinion finisse par se ressaisir. Nous
377 1100 1604 1160 aurons à l'y aider sans tomber d’un extrême à l’autre. C'est
377 1164 1586 1219 toute notre œuvre d'éducation à recommencer. Et cela, sans
375 1233 1549 1296 savoir ce que nous réserve le Nouveau Monde encore presque
375 1305 1304 1363 vierge, il y a cinq ans, et maintenant .......
377 1590 1602 1651 impression ont produite les grèves sur les esprits, notamment
708 1521 1588 1590 Je ne vous ai pas dit assez quelle mauvaise
373 1664 1641 1720 en province et dans nos campagnes, à la veille de ces élections
373 1728 1623 1785 survenant sans préparation, sans explications, pourtant indis-
371 1801 1505 1854 pensables après cinq années de guerre, et sous un régime
375 1861 1564 1924 incompréhensible , machiné€es€ au profit de la réaction et du
373 1924 567 1986 mensonge.
