1733 2197
769 86 890 146 - 7 -
371 168 1645 252 légalement avant la guerre et dont l'état de siège les aura su-
390 250 730 318 bitement privés.
577 302 1646 382 Si cette classe plus puissante que nombreuse des par-
613 292 657 335 à
377 369 1606 443 tisans naturels de la guerre en Europe vous allez ajouter les
375 439 1608 510 partisans €américains€ américains de la guerre Européenne, vous
377 507 1571 574 commettrez une grande erreur, une grande faute, attendu que
375 576 1610 651 plus que jamais les Américains ont tout à gagner à la paix et
377 642 1628 703 tout à perdre à la guerre qu’ils ne seront plus maîtres de li-
375 710 1623 776 miter, si elle se déchaine de nouveau sur le monde. Vous savez
377 781 1610 845 cela comme moi, mon cher Butler, mais pourrez-vous vous faire
377 851 1306 906 entendre : Voilà mon inquiétude, en ce moment.
573 908 1646 979 La vérité est que les Américains, évidemment, gagnent
377 974 1588 1038 à la guerre, mais ils y perdent bien davantage. L’Europe est
379 1043 1549 1109 autre chose pour eux qu’un marché à disputer, elle est une
379 1105 1612 1168 réserve d’expériences bonnes et mauvaises, mais d’expériences
379 1179 1628 1243 dont vous ne pouvez encore vous passer. Souhaiter la continua-
379 1241 1626 1310 tion de la guerre en Europe ou même en prendre son parti comme
379 1312 1626 1374 d'un demi-mal, ce serait de la part des Américains un crime et
379 1371 1547 1435 une sorte de suicide ; ce serait applaudir à la destruction
379 1440 1549 1508 des modèles que la civilisation semble avoir collectionner
377 1515 1511 1574 pour votre édification et pour votre développement. Plus
379 1576 1668 1640 tard les Etats-Unis pourront se passer de bien des enseignements
379 1636 1590 1700 qu’ils tiennent de l’Europe, mais ils auront toujours besoin
379 1715 1549 1772 de s’inspirer des chefs-d’œuvre de notre civilisation. Il
379 1774 1646 1838 n'y a donc qu’un raisonnement barbare qui permette de voir dans
379 1839 1610 1902 la guerre Européenne un profit pour les Etats Unis ; c’est une
381 1902 1624 1968 perte un deuil, une honte pour le monde entier, et particuliè-
381 1968 1549 2039 rement pour les pays libres qui sont les guides des autres
377 2037 1549 2109 peuples et qui ne peuvent remplir leur mission que dans la
