1740 2197
928 115 1053 162 - 2 -
371 234 1533 305 qu'on fait le silence sur la vérité. Et ces reproductions
369 300 1230 369 suscitent naturellement de vives répliques.
664 375 1571 435 Le résultat de ces campagnes se fait sentir à
369 422 1608 497 la Conférence où il se trouve, vous le savez, des journalistes
373 497 1587 569 qui représentent à la fois le Gouvernement et la presse fran-
368 556 1549 627 çaise de discorde ; des divergences se produiront entre les
368 637 1507 695 délégués, pour le seul profit des Allemands ; et on égare
366 708 859 765 mon pays comme le vôtre.
664 768 1533 825 J'ai été frappé de l’inquiétude qui régnait
364 840 1490 891 à ce suiet dans ce milieu d'Américains si Français. A la
369 895 1564 957 longue, on commence à comprendre le mal que je n'ai cessé de
368 961 1602 1028 signaler, mais en vain, et que nous font les journaux mondains
369 1025 1566 1093 soi-disant patriotiques et bien pensants. On se figure, aux
368 1094 1527 1158 Etats-Unis, qu'ils sont contre le Président Wilson ; c'est
366 1155 1525 1228 évident, mais c’est en passant seulement ; ils sont contre
364 1221 1479 1292 les Américains, contre les Anglais, contre les Italiens,
362 1292 1562 1363 contre tous nes Alliés, contre le monde entier, enfin, comme
360 1362 1468 1429 avant la guerre et pour recommencer la guerre. On s'en
344 1418 967 1495 aperçoit aujourd'hui seulement.
1007 1526 1580 1592 Votre affectueusement dévoué,
987 1603 1505 1689 ££
164 1746 1098 1825 à Monsieur le Président Nicholas Murray BUTLER,
556 1825 767 1896 NEW-YORK.
