1769 2197
835 150 968 216 - 15 -
318 278 1519 353 semblait appelé à rendre encore ; sans doute les populations
314 351 1560 411 avaient été consternées le jour où leur représentant avait été
316 421 1562 483 accusé, par ses adversaires politiques, XXX du pire des crimes
316 481 1640 538 contre la France. Ce fut un coup terrible et nul ne voulut croire
316 545 1638 607 d’abord qu’une pareille accusation pût être inspirée seulement par
318 611 1637 682 le désir de faire disparaître un homme, comme autrefois. Cependant
318 681 1631 741 le procès ne se jugeait pas. Le Conseil de Guerre, seul compétent,
320 746 1562 814 semblait-il pour faire justice, en temps de guerre du crime de
316 811 1560 869 haute trahison, se déroba ; les preuves de la culpabilité n'é-
320 882 1659 944 taient donc pas suffisantes pour faire assumer aux chefs de l’armée
318 941 1659 1003 la responsabilité d'une condamnation ; et c'est alors que fut sais,
316 1008 1659 1071 le Sénat, la Cour Suprême. Mais le Sénat, à son tour, ne se presse
318 1074 1562 1144 pas de se prononcer et peu à peu l’impression se répand que le
318 1142 1638 1202 crime de M. Caillaux serait d’avoir empêché la guerre, en 1911, et
320 1202 1659 1272 par là sauvé la France, alors isolée. On sait en outre qu'il avait
318 1272 1607 1342 préparé, envers et contre tous, pendant la paix, une réforme fi-
316 1340 1543 1406 nancière qui, si elle avait été appliquée, aurait rendu grand
318 1407 1563 1464 service et pendant et après la guerre. Les esprits ainsi sont
322 1477 1600 1536 troublés et finalement chacun m’assure, à la/veille des élections
324 1543 1541 1601 qui se préparent, que M. Caillaux sera réélu, même en prison,
322 1605 1563 1669 par ses électeurs fidèles de l’arrondissement de Mamers. Mais
320 1669 1664 1731 s’il en est ainsi, ce serait trop simple. A la grande joie de ceux
324 1735 1602 1801 qui veulent ajourner le jugement à tout jamais, ou tout au moins
322 1799 1622 1869 après les él(e)ctions, voilà que revient en discussion au Parlement
322 1865 1660 1933 la fameuse réforme électorale. Ce n'est plus un arrondissement qui
