1739 2197
760 97 1053 170 LETTRE N° 514.
197 214 426 300 SÉNAT
282 76 586 221 ££
1075 214 1506 302 PARIS, 10 Avril 1919.
654 393 1137 479 LA FRANCE SACRIFIÉE .
875 563 1214 627 Mon cher Butler,
307 794 1093 854 chamaillent, la situation se complique.
623 726 1469 794 Tandis que les membres de la Conférence se
309 935 1489 986 avec quelques-uns de mes amis, dans la situation écartée où
639 867 1539 926 Et cependant, les efforts que j’ai pu tenter,
309 1006 1548 1060 j'ai été relégué, n'ont pas tous été vains. J'aurais pu faire
309 1056 1528 1122 beaucoup pour entretenir, entre nos Alliés et nous, des rela-
309 1127 1546 1191 tions de confiance, comme je l'avais fait aux deux Conférences
306 1197 1509 1259 de La Haye ; mais on m’a tenu en suspicion ou en oubli, loin
306 1270 1542 1325 de tout et presque hors d'état de servir la France et la paix.
307 1332 1526 1385 Peut-être ai-je été trop modeste? J'ai laissé faire, de peur
304 1391 1546 1455 de gêner, par une agitation qui me déplairait, l'action de mon
304 1468 1526 1523 Gouvernement. Je me suis borné à faire de mon mieux au Sénat
306 1532 1544 1589 et dans les Commissions, dans une atmosphère d'indifférence ou
304 1601 1526 1655 d'hostilité. J'ai réussi pour ce qui concerne la Rive Gauche
302 1666 1524 1724 du Rhin. Clemenceau, en somme, est de mon avis : "pas un seul
302 1730 1526 1796 député protestataire à Paris". Telle est sa formule. Que ne
302 1797 1486 1861 l'a-t-on dit plus tôt ? On n’aurait pas encouragé l’Empire
142 1957 1084 2024 à Monsieur le Président Nicholas Murray BUTLER.
