<?xml version="1.0" encoding="UTF-8"  standalone="yes"?>
<PcGts xmlns="http://schema.primaresearch.org/PAGE/gts/pagecontent/2019-07-15" xmlns:xsi="http://www.w3.org/2001/XMLSchema-instance" xsi:schemaLocation="http://schema.primaresearch.org/PAGE/gts/pagecontent/2019-07-15 http://schema.primaresearch.org/PAGE/gts/pagecontent/2019-07-15/pagecontent.xsd">
  <Metadata>
	<Creator>escriptorium</Creator>
	<Created>2022-07-21T12:02:31.922202+00:00</Created>
        <LastChange>2022-07-21T12:02:31.922223+00:00</LastChange>

  </Metadata>
  <Page imageFilename="FRAD072_12J381_lettre0004_001.jpg" imageWidth="1734" imageHeight="2197">

    

    
    <TextRegion id="eSc_dummyblock_">
    
    
      <TextLine id="eSc_line_f9f1f479" >
        <Coords points="723,157 723,188 1395,175 1395,151 1389,119 1272,120 1263,117 1243,108 1241,108 1239,108 1237,108 1206,115 1195,119 1186,115 1149,100 1148,100 1012,100 1010,100 1008,100 966,113 930,124 864,124 833,111 811,104 809,104 807,104 721,109 723,157"/>
        <Baseline points="723,157 1395,151"/>
        <TextEquiv>
          <Unicode>Lettre N° 4 ( 11 Septembre 1914 )</Unicode>
        </TextEquiv>
      </TextLine>

    
    
      <TextLine id="eSc_line_b201d2dd" >
        <Coords points="618,325 618,357 924,362 928,322 922,281 864,292 803,283 791,283 789,283 787,283 783,285 763,294 617,291 618,325"/>
        <Baseline points="618,325 928,322"/>
        <TextEquiv>
          <Unicode>FERMETÉ d&#39;AME</Unicode>
        </TextEquiv>
      </TextLine>

    
    
      <TextLine id="eSc_line_ec71fa7c" >
        <Coords points="364,523 364,545 1583,543 1585,521 1582,481 1490,481 1488,481 1486,481 1452,497 1312,497 1265,481 1263,481 1261,481 1259,481 1221,496 1083,485 1082,485 1080,485 1034,496 1014,481 1012,481 1010,481 1008,481 1003,481 897,497 736,497 690,485 688,485 686,485 545,496 509,481 507,481 505,481 503,481 492,481 433,490 422,481 421,481 419,481 417,481 362,481 364,523"/>
        <Baseline points="364,523 1585,521"/>
        <TextEquiv>
          <Unicode>L&#39;Entente cordiale. - Le passage d&#39;Anglais à Clermont-Créans.</Unicode>
        </TextEquiv>
      </TextLine>

    
    
      <TextLine id="eSc_line_9a851250" >
        <Coords points="362,591 362,618 1554,609 1556,587 1552,562 461,558 459,558 360,567 362,591"/>
        <Baseline points="362,591 1556,587"/>
        <TextEquiv>
          <Unicode>La thèse de la conciliation démontrée par l&#39;absurde.-. L&#39;u-</Unicode>
        </TextEquiv>
      </TextLine>

    
    
      <TextLine id="eSc_line_a7990dca" >
        <Coords points="364,653 362,673 413,686 415,686 1622,679 1624,657 1624,629 1354,620 1353,620 1289,627 1274,629 1268,627 1248,620 1246,620 1245,620 1193,627 1179,629 1162,627 1102,620 1100,620 1098,620 1069,627 1058,629 1047,627 1008,620 1007,620 1005,620 1003,620 996,627 994,629 986,627 957,618 955,618 953,618 952,618 924,627 922,627 364,627 364,653"/>
        <Baseline points="364,653 1624,657"/>
        <TextEquiv>
          <Unicode>nion contre le militarisme allemand entre tous les Français et</Unicode>
        </TextEquiv>
      </TextLine>

    
    
      <TextLine id="eSc_line_84007590" >
        <Coords points="368,723 368,748 1539,743 1541,726 1538,690 1391,697 1289,690 1243,688 1241,688 1213,692 1153,699 1144,692 1140,688 1138,688 1137,688 1135,688 1133,688 1120,692 1094,699 1069,692 1060,690 1058,690 1056,690 1032,692 975,699 873,699 862,693 845,686 844,686 842,686 840,686 838,686 827,693 818,699 587,699 578,695 551,686 549,686 547,686 481,695 479,695 476,695 417,686 415,686 368,695 368,723"/>
        <Baseline points="368,723 1541,726"/>
        <TextEquiv>
          <Unicode>tous les Alliés,-, Pour la patrie et pour la paix.-. Pas de</Unicode>
        </TextEquiv>
      </TextLine>

    
    
      <TextLine id="eSc_line_c379173b" >
        <Coords points="366,790 366,818 1560,822 1563,790 1561,765 366,765 366,790"/>
        <Baseline points="366,790 1563,790"/>
        <TextEquiv>
          <Unicode>paix précaire.-. Le monde, y compris l&#39;Allemagne, doit être</Unicode>
        </TextEquiv>
      </TextLine>

    
    
      <TextLine id="eSc_line_dc21f8f7" >
        <Coords points="368,854 368,891 437,882 498,891 507,891 509,891 510,891 512,891 527,882 541,889 541,891 543,891 545,891 547,891 556,889 600,882 644,889 661,891 662,891 1397,880 1397,854 1397,833 547,823 545,823 368,831 368,854"/>
        <Baseline points="368,854 1397,854"/>
        <TextEquiv>
          <Unicode>affranchi de la domination du militarisme allemand.</Unicode>
        </TextEquiv>
      </TextLine>

    
    </TextRegion>
    
  </Page>
</PcGts>
