1731 2197
846 212 959 285 - 2 -
342 338 1589 406 nous étions plutôt/encouragés et que, suivant le mot du premier
342 415 1492 477 ministre italien, c’est entre les Gouvernements une sorte
340 477 1586 540 de Steeple-chase, à qui sera non pas le plus circonspect, mais
342 551 1577 616 le plus avancé : "Nous voulons réussir, nous disait M. ORLANDO,
344 615 1569 681 non pas seulement parce que l’Italie a toujours été favorable
342 671 1630 746 à l’arbitrage : l’arbitrage est d’origine latine, romaine ; il est
340 743 1547 818 à la base, au commencement de notre droit, - mais dans notre
342 809 1582 887 intérêt gouvernemental : le pays n’admettrait pas que nous ren-
342 884 1577 944 trions en Italie sans avoir abouti sur la Société des Nations.
544 952 1533 1019 LLOYD GEORGE ne nous demande que de faciliter aux
342 1010 1624 1085 Gouvernements leur entente en simplifiant le plus possible notre
337 1078 1564 1151 programme, en réduisant au minimum "les points de résistance";
337 1144 1602 1224 je l'ai trouvé tout à fait en forme, particulièrement énergique
337 1217 1295 1283 et vif, et déterminé lui aussi à ne pas échouer.
538 1287 1604 1352 Le pauvre HOUSE se ressent, comme le Président WILSON
337 1349 1562 1426 lui-même, mais beaucoup plus, étant plus faible, du surmenage
335 1411 1577 1493 de la vie qu’il mène ; il a maigri sensiblement, pâli: mais n'a
335 1477 1540 1561 rien perdu de son dévouement à notre cause ; il pense que les
331 1545 1577 1623 Etats-Unis s’entendront avec l'Angleterre, avec l'Italie, avec
329 1616 1575 1700 nous, association française, - mais il se demande si nous nous
329 1682 1522 1763 entendrons, nous,avec le Gouvernement français?........
533 1739 1632 1832 CLEMENCEAU est toujours CLEMENCEAU ; le tigre n’a jamais
333 1807 1536 1889 été pacifique ; et cependant je dois dire que je l'ai trouvé
326 1880 1507 1969 raisonnable le jour où nous l’avons saisi de nos projets de
