1770 2197
795 82 930 139 - 12 -
393 146 1704 223 cinquante ans, plusieurs fois à l'ordre du jour pour avoir sur€v€-
392 219 1667 285 volé en aéroplane, malgré la tempête et les feux de salve, les
392 287 1645 357 lignes ennemies ; il a fini par être frappé mortellement d’une
393 349 1625 419 ou plusieurs balles en plein vol, comme un oiseau, mais il a
393 421 1586 488 gardé l'énergie de se diriger pour atterir dans les lignes
397 487 1357 554 française et faire son rapport avant d’expirer.
595 552 1647 624 Partout l'héroïsme est devenu la vie quotidienne de
392 629 914 688 nos armées, de la nation.
600 686 1608 750 Cela est si beau, si grand que je me garderais de
395 750 1687 822 blasphémer en disant un mot de ce que pourtant comme une brûlu-
395 825 1689 889 re au plus profond de ma conscience ; un mot qui trahisse ma co-
395 889 1689 957 l ère contre les hommes d'Etat qui n'ont pas souffert par avance
399 963 1632 1025 de toutes les souffrances dont je suis témoin ; qui n'ont pas
399 1034 1649 1087 su les imaginer et les prévenir! Les malheureux! Et je ne dis
397 1098 1724 1158 rien non plus des lendemains de cette guerre, si jamais elle doit
399 1169 1691 1232 finir! Le mal triomphe irréparable ; la haine est souveraine mai
401 1237 1632 1298 tresse; la passiòn de nuire s’est substituée à la passion de
399 1298 1570 1358 servir, et pour longtemps.... Hélas, la paix couvrira les
401 1365 1588 1431 tombes d’herbe ou de fleurs, les pierres verdiront sous la
397 1439 1711 1501 mousse, mais les naines survivront à la paix ; cette paix, quelle
399 1495 1575 1567 quelle soit, fût-elle, comme je l'espère, l'écrasement de
401 1567 1630 1631 l'Empire allemand, la rédemption de l’Alsace-Lorraine, n’em-
397 1627 1650 1700 pêchera pas l’Allemagne d’avoir des enfants ; elle n’empêchera
399 1697 1672 1766 pas ces enfants d’avoir dans les veines la volonté de vivre et
404 1766 1650 1823 de se venger; la défaite les stimulera ; et alors? Il arrivera
403 1832 1625 1898 ce que j'ai dit, redit sans cesse, inutilement de la guerre:
404 1896 1687 1957 elle sera toujours à recommencer. En attendant, l’Allemagne au-
403 1971 1590 2035 ra perdu ou disqualifié l'élite que nous essayions d’aller
