1749 2197
904 124 1012 205 - 5 -
428 247 1573 325 le Président Butler, depuis Août 1914 jusqu’à ce jour. Je
428 324 1553 393 n'ai jamais cessé d'y exposer, comme des arguments, tout
430 388 1578 454 ce que nous avons souffert, nous et nos Alliés, pour bien
432 454 1595 516 faire comprendre aux Américains que, généreux comme je les
430 518 1573 587 connais, ils ne pourraient pas supporter longtemps pareil
432 585 1635 651 état de chose sans intervenir. Nous pouvons, au Bureau Euro-
432 648 1673 717 péen, revendiquer hautement la fierté d'avoir agi vis-à-vis de
432 725 1595 783 nos amis Américains, et dès le début de la guerre, suivant
432 785 1613 851 notre conscience. Le jour où vous pourrez prendre connais-
432 854 1615 913 sance des centaines de lettres écrites par moi au Président
432 919 1617 988 Butler, vous y verrez que, sans faire parler de la Dotation
430 984 1639 1052 dans les journaux, nous avons apporté notre grande part dans
432 1056 1571 1116 la propagande en faveur de l’intervention des Etats-Unis,
430 1127 1514 1180 sous forme, tout au moins, de protestation, on ne nous
432 1184 1617 1248 reprochera plus de nous abandonner à l’idéalisme américain ;
432 1255 1653 1316 nous savons maintenant ce que cet idéalisme nous a apporté de
432 1323 899 1391 réalisations pratiques.
1139 1380 1531 1446 (applaudissements).
725 1440 1538 1515 La guerre a cessé grâce à ce fait que la
435 1523 1596 1580 France a trouvé partout les amitiés qu’elle escomptait, et
432 1583 1633 1640 ces amitiés lui ont été préparées par les hommes dont l’obs-
434 1649 1653 1708 tination faisait sourire les sceptiques, en temps de paix, et
434 1722 1633 1775 que l'on traitait dédaigneusement d'utopistes et d’illusion-
432 1790 1580 1843 nés. Il est beau de voir enfin triompher le Droit sur la
434 1847 1576 1905 violence ; il est, dans une certaine mesure, consolant de
434 1913 1655 1982 voir nos principes universellement reconnus aujourd'hui, mais
