1747 2197
957 150 1062 210 - 5 -
393 278 1659 357 stimule et nous pousse aux grandes entreprises ; à la condition
393 349 1615 424 qu'il ne nous isole pas dans l’ignorance et le dédain de tout
393 417 1415 481 ce qui lui semble inférieur ou extérieur à son moi.
728 488 1591 541 Puisse la France, respectée comme souvenir,
391 554 1536 615 n'être pas considérée uniquement par ses alliés comme une
393 618 1578 682 relique, une collection de champs de batailles et une terre
397 693 904 757 promise en partie ruinée.
714 746 1622 814 S’ils venaient à tomber dans cette erreur, la
395 812 1580 886 terre promise ruinée deviendrait le point de départ de con-
395 884 1523 952 quêtes et de destructions nouvelles, dirigées cette fois
393 955 1477 1027 non plus contre nous, mais à travers nous, contre eux.
948 1083 1536 1144 Votre affectueusement dévoué,
950 1180 1516 1272 ££
258 1406 1203 1486 à Monsieur le Président Nicholas Murray BUTLER,
651 1486 853 1550 NEW-YORK.
