1719 2197
760 113 875 181 - 7 -
296 186 712 247 pareilles questions.
518 250 1517 314 On m'annonce que M. Caillaux part pour l'Amérique
298 324 1592 380 du Sud. On l'y a forcé. Il était condamné par la haine chauvine.
298 389 1616 444 On s'était arrangé pour lui faire ici la vie impossible. Et on va
298 450 1636 510 le poursuivre là-bas, partout. Caillaux, sans doute, paie cher les
296 519 1638 585 défauts de son tempérament, mais bien plus cher encore et plus in-
298 585 1610 646 justement les grands services qu’il a rendus, notamment, en empê-
300 646 1636 708 chant la guerre en 1911 et en la retardant de trois ans. J'ai fait
298 723 1616 789 mon devoir en le défendant ; mais là aussi j'ai été seul..... avec
298 787 634 858 les populations.
