1731 2197
877 47 1635 146 Clermont-Créans (Sarthe) 24 Septembre
1520 124 1610 192 1914
716 309 824 388 N° 6
522 448 701 510 Cher ami
575 563 1595 640 Votre longue et bonne lettre du 4 de ce mois m'est
377 644 1597 719 parvenu le 21 ici, à Créans, comme vous l’aviez prévu. Nous
381 712 1632 772 l'avons lue en famille, €et€ à haute voix, avec un profond inté-
379 790 1633 849 rêt et avec émotion : elle m'a fait grand bien, car, si je dois
381 851 1595 913 donner autour de moi l’exemple de la confiance dans l’avenir
379 913 1654 975 vous comprenez que je n’arrive pas toujours sans peine à refou-
381 983 1613 1049 ler ma douleur. Il y a des jours où j’ai honte de mon impuis-
381 1047 1575 1105 sance et où je désesp èrerais de la raison et de la bonté si
381 1111 1593 1175 je n'étais pas réconforté par la fidélité de mes amis, comme
379 1182 1573 1241 aussi, je ne saurais trop le répéter, par la grandeur d'âme
379 1250 1555 1307 populaire. Depuis deux mois l'âme de mon pays semble avoir
379 1323 1595 1371 grandi; un malheur individuel ne compte plus pour elle ; nous
375 1376 1084 1439 ne sentons plus que collectivement
577 1442 1591 1512 Puisque mes lettres vous intéressent et puisque la
379 1523 1610 1570 distance n’aura rendu notre accord que plus étroit, je conti-
375 1574 1650 1638 nue à vous tenir au courant. Cette lettre est la sixième que je
375 1640 1602 1709 vous écris depuis le 15 Août, Apr ès tout, il est plus facile,
377 1715 1575 1777 en temps de guerre, de correspondre avec l'Amérique qu’avec
375 1781 1144 1849 bien des points du continent Européen.
573 1850 1608 1916 L’union se maintient, malgré tout, entre les alliés
373 1913 1569 1982 entre les Français. Je dis malgré tout, car on n’y comptait
214 2024 1111 2107 Monsieur le Président Nicholas Murray BUTLER
