1920 2560
699 134 1045 230 LETTRE N° 570.-
136 179 416 277 SÉNAT
1120 288 1698 373 PARIS, le 12 Octobre 1919
422 168 686 413 ££
524 219 727 411 ££
605 245 846 441 ££
672 469 1160 554 LA JUSTICE EN MARCHE
298 531 1568 625 Le DISCOURS de PAINLEVÉ et l'ÉCHEC de la FAMEUSE ATTAQUE
706 622 1128 704 du 16 avril 1917
285 674 1638 763 La CALOMNIE des JOURNAUX CHAUVINS DÉMASQUÉE, sans une SEULE
608 768 1478 834 PROTESTATION à la CHAMBRE des DÉPUTÉS.
168 846 1713 964 Le SCANDALE de la DÉTENTION PROLONGÉE de M. CAILLAUX, Il n'en est pas
294 940 1670 1034 moins désigné au MANS comme CANDIDAT aux prochaines ÉLECTIONS
729 1009 1038 1088 LEGISLATIVES
842 1209 1218 1269 Mon cher Butler,
505 1346 1764 1448 La calomnie n'est pas morte. Elle ne triomphe encore que
283 1418 1742 1523 trop insolemment puisque M. CAILLAUX est toujours en prison, sans
279 1497 1738 1602 qu'on ose ni le juger ni le lâcher, et puisque tant d’autres sont
273 1570 1544 1670 disparus ou en disgrâce, depuis JAURES jusqu'à PAINLEVÉ.
503 1640 1728 1717 CAILLAUX embarrasse le Gouvernement/et le SÉNAT de plus
288 1721 1668 1798 en plus. Ah! s’il pouvait seulement s’évader ; comme on lui en
283 1804 1674 1864 serait reconnaissant! mais il n'y songe pas ou il s’y refuse.
290 1870 925 1969 Il ne demande que des juges.
505 1937 1719 2016 PAINLEVÉ vient de faire sensation au PARLEMENT par une
72 2069 992 2193 à Monsieur le Président N. Murray BUTLER
296 2176 537 2257 NEW YORK
