2304 3072
739 2 926 122 - 6 -
174 130 2114 291 prendre à chacun ses dépouilles ; où le conduira ce machiavélisme?
151 235 2032 384 à perdre l’autorité nécessaire, le jour où se discuteront les
181 337 2068 491 bases de la paix. La Hollande, généreusement ouverte, à plus de
174 440 2063 588 600.00 réfugiés belges, ne se sent-elle pas menacée? Elle doit
184 545 1937 691 comprendre qu’elle ne peut sans danger laisser triompher à
184 645 2063 791 ses côtés l’agression allemande et que le port de Rotterdam est
158 747 1991 885 une proie aussi tentante que celui d’Anvers. Et le Danemark?
166 847 2055 990 et le reste? Si le Gouvernement Suédois croit se mettre à l'a-
156 939 1943 1075 bri des Russes en favorisant l’Allemagne, il se trompe ; il
174 1054 1989 1182 s’exposera, s’ils sont vainqueurs, à leur rancune, et, s’ils
176 1146 1377 1264 sont vaincus, à la domination de Berlin.
327 1256 2019 1374 Des Etats-Unis nul n’attend une intervention armée. Votre
161 1351 2060 1469 Président, M.Wilson, n’a surpris personne en déclarant sa neutra-
156 1461 2050 1571 lité, mais lui qui a si noblement refusé, dans l’affaire du Me-
163 1559 2012 1666 xique, de transiger sur un cas de conscience, comment peut-il
174 1664 2012 1768 aujourd'hui se contenter de la plus diplomatique réserve? N'a-
171 1756 2081 1873 t-il pas eu connaissance de votre viril discours du 23 septembre
174 1850 2019 1976 où vous démontrez que la neutralité ne peut pas être, pour un
163 1958 1999 2068 grand peuple qui ne risque rien d’ailleurs à se prononcer, le
176 2055 1960 2168 détachement de Ponce Pilate. Il aurait soulagé la conscience
153 2152 1981 2270 publique et accompli son devoir de grand éducateur s’il avait
161 2247 2055 2368 dit, lui, aussi qu’une guerre déclarée, sous l'action des four-
158 2344 1991 2465 nisseurs militaires et de leurs journaux, par les Rois et non
163 2439 1948 2562 par les peuples, doit recevoir son châtiment. Il y avait une
153 2539 2001 2659 haute leçon à tirer pour votre généreux et jeune pays de l’ex-
174 2631 2001 2764 plosion inexcusable de la guerre actuelle ; et cette leçon pou-
158 2734 2009 2862 vait il me semble ; se donner sans compromettre le Gouvernement
168 2823 2012 2956 des Etats-Unis. Le Président Wilson ne peut assumer sans doute
171 2928 1896 3036 à travers l’océan un rôle officiel de Christ ou de Messie :
