2304 3072
675 58 855 153 - 5 -
499 204 2060 335 Nous sommes à Créans sans aucune nouvelle personnelle
181 307 1935 435 comme tout le monde, de nos combattants. Personne ne peut
202 422 1999 527 envoyer ni recevoir de lettres contenant des indications sur
204 524 1958 627 la situation et sur les mouvements des armées. Je suis ren-
202 629 1943 734 seigné pourtant par l’unanimité des blessés que j’interroge
212 724 1856 829 au Mans et à La Fl èche, et aussi par des réfugiés de la
207 816 2058 929 Belgique et du Nord ou de l'Est de la France, dont les maisons,
209 908 1991 1029 les villes et les villages ont été détruits, et qui viennent
212 1011 2019 1128 en grand nombre chercher un refuge vers le Centre et le midi.
215 1105 1991 1228 Nous avons des Belges par milliers à loger avec nos blessés,
227 1208 2032 1328 sans compter l’armée anglaise, nombreuse au Mans. Les détails
235 1297 2058 1423 que j’entends, invariablement les mêmes, sur les violations du
222 1397 2027 1518 Droit des gens commises par les Allemands dépassent les limi-
232 1495 2068 1628 tes de l’invraisemblances. On avu des officiers allemands don-
227 1597 2042 1722 ner l’ordre et l’exemple d’achever les blessés, mettre le feu
235 1684 2019 1815 à la paille sur laquelle on les avait entassés et les brûler
256 1786 2001 1909 vivants ; cela constamment ; des villages, des villes sans dé-
243 1889 2119 2017 fense, comme Louvain, sont bombardés et incendiés ; les allemands
243 1996 2045 2112 pour avancer impunément, prennent sur leur passage les jeunes
240 2083 2078 2214 filles, les femmes, les enfants et les poussant devant eux com-
243 2183 2012 2311 me des boucliers. Tout ce que nous avons dénoncé d’atrocités
250 2286 1948 2408 commises dans les Balkans se répète maintenant au coeur de
235 2375 2099 2503 l’Europe ; les Turcs, à leur tour, vont prendre leur revanche et
248 2475 2042 2598 mettre de nouveau à feu et à sang non plus seulement les Bal-
256 2572 1994 2703 kans mais la Turquie d'Asie ; ce que nous avions écrit comme
261 2670 2030 2787 conclusion n’aura été d’une préface. C'est la Barbarie triom-
256 2752 2068 2895 phante ; mais ce triomphe ne sera que momentané, et je n’entend
256 2854 2042 2995 personne différer sur la conclusion de ce drame épouvantable:
