2304 3072
896 87 1088 168 - 6 -
66 258 2240 404 L'Europe n'était pas un champ de carnage assez vaste ; il faut y ajouter
76 381 721 509 l'Afrique et l'Asie;!
227 491 2191 604 Et qui donc osera dire que nous n'avons pas eu mille fois raison
89 599 2173 711 d'essayer de mettre le monde en garde contre ces crimes que nous pré-
79 709 2019 829 parait depuis quarante ans la tragi-comédie de la paix armée ?
227 814 2245 908 Et on nous demande de plaindre l'Empereur Guillaume et de la lais-
87 906 2170 1011 ser continuer à appeler sur ses armées, par un blasph ème intolérable
94 1003 2112 1146 au XXe siècle! : la bénédiction de Dieu et l’admiration des intellec-
89 1118 637 1216 tuels allemands !
248 1210 2078 1313 Et si, dans ma douleur de voir tous les peuples et le peuple
97 1315 2017 1436 allemand, lui aussi, victimes de ces mensonges et de ces crimes
117 1402 2214 1507 je proteste de toute mon âme, en réclamant la guerre à outrance contre
115 1510 2222 1630 la guerre faite à la Belgique, à la France, au Droit, il se trouve des
94 1607 2163 1733 amis neutres et même des Anglais pour s’étonner de mon indignation !
99 1704 2183 1830 Des correspondants très dévoués me demandent de ménager les suscepti-
102 1820 2242 1950 bilités des intellectuels allemands, dont nous aurons besoin, le moment
104 1914 1190 2027 venu, pour établir une paix durable!
258 2001 2101 2127 Il est vrai que la presse officieuse allemande n’a pas manqué
104 2104 2186 2232 de falsifier le texte de ma protestation. (celle que j’avais adressée
104 2201 2024 2314 au New York Times). Je m'étais gardé, comme toujours et plus que
115 2298 2152 2396 jamais, de confondre la cause du peuple allemand et le crime du mili-
115 2391 2101 2501 tarisme allemand. La presse allemande me fait dire, parait-il, tout
112 2485 2209 2613 le contraire et déclarer cette monstruosité ; "On ne pourra plus traiter
138 2585 2060 2698 avec l'Allemagne.!!... Dans sa rage d’aggraver et de perpétuer la
135 2693 2158 2790 guerre en séparant à jamais, non pas deux régimes passagers mais deux
125 2787 2142 2926 peuples, elle me présente come l’adversaire non pas du Gouvernement
125 2895 560 2992 mais du pays !
