2304 3072
7 125 719 258 pareilles questions.
798 38 998 151 - 7 -
394 268 2032 414 On m'annonce que M. Caillaux part pour l'Amérique
33 363 2145 519 du Sud. On l'y a forcé. Il était condamné par la haine chauvine.
33 494 2201 627 On s'était arrangé pour lui faire ici la vie impossible. Et on va
25 622 2224 742 le poursuivre là-bas, partout. Caillaux, sans doute, paie cher les
48 734 2232 852 défauts de son tempérament, mais bien plus cher encore et plus in-
58 847 2204 960 justement les grands services qu’il a rendus, notamment, en empê-
74 952 2222 1070 chant la guerre en 1911 et en la retardant de trois ans. J'ai fait
81 1059 2216 1200 mon devoir en le défendant ; mais là aussi j'ai été seul..... avec
89 1190 619 1300 les populations.
