2304 3072
949 84 1136 184 - 3 -
186 220 2237 337 si le Pt. Wilson n’aurait pas gagné bien des sympathies par une atti-
217 322 2037 435 tude moins réservée, moins effacée dans la guerre actuelle. Je
189 417 2127 537 vous l'ai écrit déjà, sans penser à vos élections ; maintenant j'y
217 522 2196 634 reviens. La neutralité des Etats-Unis allait de soi, mais non l’in-
209 622 2030 729 différence, la prudence excessive, autrement dit la peur de se
199 714 2186 829 compromettre...... Cela, je le répète, en face d'un conflit qui met
207 814 2183 924 aux prises le droit d’une part et la violence sans scrupule d’autre
197 896 2214 1024 part, c'était plutôt la neutralité de Ponce Pilate que la politique
207 1003 2147 1116 d'un grand pays. C'était juste ce qui convenait pour refroidir les
207 1105 2173 1210 enthousiasmes sans satisfaire les égoïsmes. Qu’un Gouvernement con-
215 1198 2214 1310 servateur ménage la ch èvre et le chou, vive au jour le jour, en évi-
222 1300 2204 1408 tant de se prononcer sur des principes, c’est tout naturel, mais non
212 1395 2234 1505 un Gouvernement libéral, à plus forte raison un Gouvernement démocra-
453 1482 532 1536 ne
207 1484 2234 1612 tique. On gagne rien à laisser le champ libre aux perturbateurs, à €pu€
209 1592 2137 1704 plus forte raison aux ennemis déclarés des garanties légales dont
204 1704 1077 1799 nous avons besoin pour vivre.
350 1781 2158 1889 Le Pt. Roosevelt l'a très bien compris et c’est pourquoi il a
217 1881 2183 1986 si vivement protesté contre la violation inadmissible de la neutra-
217 1978 2048 2088 lité belge. Vous m'objecterez qu’il appuie sa protestation sur
245 2076 2219 2178 "une grande marine" mais c’est ici que le Pt. Wilson devait et pou-
235 2165 2209 2273 vait refuser de le suivre et bien marquer la profonde différence qui
250 2270 1057 2362 sépare les deux conceptions.
363 2352 2240 2460 Un grand pays comme les Etats-Unis peut et doit protester contre
238 2455 2101 2552 toute violation du droit des gens, sans être pour cela obligé de
235 2547 2165 2649 déclarer la guerre aux Gouvernements coupables. Au contraire, loin
248 2639 2250 2739 de fortifier votre protestation., votre grande marine lui aurait donné
248 2731 2232 2854 un caractère dangereux, le caractère d’une menace. Je l'ai écrit dans
