2304 3072
760 110 954 197 - 4 -
23 235 2048 355 taines et qui, par comparaison, n’étaient que de la camelote ; c’est
46 345 2068 463 ce qui explique que l'église, un bijou de l’architecture gothique et
40 450 2058 555 de la renaissance, que l'artillerie avait pourtant prise pour cible,
46 552 2063 655 n'a été heureusement qu’endommagée. Quand aux maisons, c’eet à main
46 650 1968 752 d’homme, comme on se servait jadis de la torche, qu’elles furent
56 744 1994 857 détruites ; le procédé est partout le même ; devant chacune d’elles
56 847 1978 957 des équipes de soldats se succédant s’arrêtaient ; ils enfonçaient
46 952 1914 1059 les portes à coup de haches, entraient ou faisaient entrer ceux
43 1039 2076 1157 qui les suivaient ; ces derniers visitaient, choisissaient, prenaient
33 1141 2009 1259 déménageaient ; la visite faite, le butin pris, la maison souillée,
33 1241 2068 1359 on enduisait les murailles et les escaliers de je ne sais quels pro-
38 1344 2014 1456 duits chimiques, on jetait des grenades et cela flambait ; d’autres
53 1436 2091 1564 équipes venaient ensuite, surveillaient, activaient le feu, versaient
35 1538 2027 1653 du pétrole ; et ainsi de suite, d’une extrémité de la rue à l’autre,
35 1638 2030 1753 de l'hôpital jusqu’à la gare. C'est à croire que l’armée allemande
53 1735 2060 1863 pratiquait l’exercice de l'incendie aux grandes manoeuvres, en temps
58 1840 1548 1953 de paix, tant il paraissait réguli èrement exécuté.
340 1925 2065 2048 Quelques maisons, dans cette rue sinistre, pour une raison
43 2035 2048 2147 ou pour une autre, ont été respectées avec autant de discipline que
56 2129 2088 2242 les autres ont été brûlées, pour éviter des malentendus, des faction-
64 2229 1994 2342 naires veillaient, ou bien on avait écrit en allemand sur la porte
51 2319 2137 2447 ces mots dont vous voyez la photographie : "braves gens - à épargner !"
74 2429 1958 2539 Ce qui veut dire, je le crains, en bon français ; "collaborateurs
66 2531 729 2644 de l’armée allemande".
340 2606 2027 2731 Mais la destruction des monuments n'est qu'un article du
51 2700 2007 2833 programme. Pour terroriser la population civile et lui apprendre à
66 2803 2050 2949 bien acueillir ses envahisseurs, les soi-disant défenseurs de " la
