2304 3072
757 84 970 189 - 11 -
207 245 1996 373 filtrer quand même et par se répandre. Tel blessé de tel ré-
192 353 1886 476 giment a dit ou écrit qu’il a vu tomber, tel jour, à ses
197 455 1978 578 côtés, son camarade ou son officier, qui demeure en face de
192 563 1973 680 chez nous ou qui est le fils de mon ami. Chaque matin c’est
199 655 1999 783 un nom de plus : le fils d'un tel a été tué : et c’est chaque
215 755 1920 880 jour un p ère, une mère, une femme, des enfants qu'on voit
215 847 2091 975 en grand deuil. De quelque côté que je tourne mes yeux, je vois
212 942 1958 1080 la mort qui vient de passer, une place vide laissée par un
220 1057 2017 1172 être jeune, aimé et que rien ne remplacera. Combien parmi ces
207 1149 2083 1282 morts étaient des êtres riches d’avenir, d’entreprise, d’inven-
220 1246 942 1374 tion de génie peut-être!
491 1336 1976 1466 Des pleurs de ceux qui restent se changeraient en
212 1443 1958 1564 cris de révolte si chacun ne savait que la France est sans
202 1541 1937 1664 reproche et qu’elle subit l’inévitable ; on crierait assez!
207 1643 1937 1761 assez de sang : assez de ruines, faisons la paix! Mais non,
220 1738 1981 1866 vous n'entendrez nulle part ce cri de lassitude: partout la
227 1827 2065 1958 douleur, nulle part l’impatience. Chacun est préparé à la pro-
222 1930 2081 2058 longation de la guerre, pendant un ans, deux ans, indéfiniment.
235 2027 2073 2147 Chacun comprend où est le devoir, le devoir national et indivi-
245 2117 2122 2268 duel, le devoir moral. L’Allemagne a donné sa mesure ; elle s’est
248 2224 1991 2352 lancée, contre nous, malgré nous, dans une guerre dont nous
232 2319 1991 2444 souffrirons certes autant et plus peut-être que nous n’avons
222 2408 2030 2536 jamais souffert, mais dont elle ne peut pas profiter, puisqu'
256 2511 1894 2634 elle s’est mise hors la loi, hors la société des nations.
235 2598 2027 2716 C'est là ce qui tombe sous le sens de tout le monde, sauf des
256 2693 2060 2818 Allemands. Plus ils seront vainqueurs plus leur perte est cer-
238 2785 2040 2915 taine. Supposons la France envahie, ruinée, détruite comme la
238 2885 2030 3000 Belgique, mais à quel prix ; puisque nous résisterons jusqu’au
