2304 3072
829 79 998 184 - 7 -
273 202 2009 355 légalement avant la guerre et dont l'état de siège les aura su-
281 314 770 437 bitement privés.
581 401 675 455 à
560 419 2009 535 Si cette classe plus puissante que nombreuse des par-
279 517 1978 632 tisans naturels de la guerre en Europe vous allez ajouter les
284 614 1984 719 partisans €américains€ américains de la guerre Européenne, vous
289 706 1904 811 commettrez une grande erreur, une grande faute, attendu que
289 798 1958 901 plus que jamais les Américains ont tout à gagner à la paix et
299 885 1986 990 tout à perdre à la guerre qu’ils ne seront plus maîtres de li-
284 980 2012 1085 miter, si elle se déchaine de nouveau sur le monde. Vous savez
296 1067 1978 1180 cela comme moi, mon cher Butler, mais pourrez-vous vous faire
320 1159 1538 1274 entendre : Voilà mon inquiétude, en ce moment.
560 1249 2030 1356 La vérité est que les Américains, évidemment, gagnent
299 1341 1940 1446 à la guerre, mais ils y perdent bien davantage. L’Europe est
296 1431 1886 1538 autre chose pour eux qu’un marché à disputer, elle est une
296 1520 1984 1625 réserve d’expériences bonnes et mauvaises, mais d’expériences
302 1615 2014 1717 dont vous ne pouvez encore vous passer. Souhaiter la continua-
294 1704 2012 1815 tion de la guerre en Europe ou même en prendre son parti comme
284 1797 1999 1904 d'un demi-mal, ce serait de la part des Américains un crime et
291 1889 1904 1994 une sorte de suicide ; ce serait applaudir à la destruction
309 1976 1879 2083 des modèles que la civilisation semble avoir collectionner
291 2068 1843 2170 pour votre édification et pour votre développement. Plus
302 2147 2048 2265 tard les Etats-Unis pourront se passer de bien des enseignements
307 2250 1953 2350 qu’ils tiennent de l’Europe, mais ils auront toujours besoin
314 2337 1896 2439 de s’inspirer des chefs-d’œuvre de notre civilisation. Il
309 2424 2019 2534 n'y a donc qu’un raisonnement barbare qui permette de voir dans
320 2511 1978 2621 la guerre Européenne un profit pour les Etats Unis ; c’est une
307 2600 2001 2711 perte un deuil, une honte pour le monde entier, et particuliè-
314 2698 1886 2800 rement pour les pays libres qui sont les guides des autres
304 2790 1891 2897 peuples et qui ne peuvent remplir leur mission que dans la
