2304 3072
857 51 2119 235 Clermont-Créans (Sarthe) le 19 Octobre 1914
729 312 880 414 N° 7
529 494 1054 619 Mon cher Butler,
422 655 2094 788 Aujourd'hui plus que jamais nous refusons de nous laisser
273 773 2071 890 accuser par nos adversaires et par leurs journaux d'être les
268 867 2050 983 partisans de la paix à tout prix ; nous sommes et nous avons
263 967 2088 1088 toujours été des patriotes ; c’est dans l’intérêt de ma patrie
256 1067 2109 1185 que je repousse la guerre qui lui est faite et qu’en désespoir
268 1167 2165 1300 de cause j’oppose à la guerre barbare le seul obstacle qui puis-
268 1267 2122 1379 se maintenant en avoir raison, la résistance à tout prix. Tan-
266 1367 2009 1484 dis que vous continuez, de l’autre côté de l'Océan, votre
276 1466 2109 1584 beau rôle d’éducateur de la Conciliation, je ne puis plus par-
281 1566 2063 1671 ler ici que de combattre par les armes. L’ignorance seule ou
273 1669 2101 1774 le parti pris pourra trouver une contradiction entre mon atti-
263 1766 2137 1881 tude d’aujourd'hui et celle d'hier, entre la votre et la mienne
266 1863 2030 1971 c’est toujours la même : Pro Patria per orbis concordiam. La
279 1958 2019 2068 conciliation en Europe a fait naufrage ; elle se réfugie aux
276 2058 2053 2170 Etats Unis ; le nouveau monde sera son arche de Nöé. Mais pas
268 2163 1978 2268 d’erreur, et pour que votre opinion publique ne s’y trompe
273 2252 2104 2362 pas, répétons lui sans nous lasser ce que nous avons dit mille
256 2350 1971 2462 fois, mais ce qu’elle peut oublier dans le désordre actuel
271 2449 2104 2560 des esprits. C’est pourquoi j’ai donné au New York Times cette
276 2547 2050 2654 interview que les principaux journaux ont reproduite et dont
276 2634 2071 2762 voici le texte français, pour le cas où il vous serait arrivé
256 2739 2019 2864 dénaturé par la transmission télégraphique ou la traduction.
48 2856 1446 3002 à Monsieur le Président Nicholas Murray BUTLER
