2304 3072
750 115 926 207 - 5 -
115 220 2001 417 bien ou mal organisée, peu importe, et par sa masse toujours
140 348 2040 517 croissante, viendra par derrière pousser les Allemands se cro-
133 460 2081 611 yant vainqueurs et les noyer dans les flots de sang qu’ils font
133 573 399 668 couler.
448 680 2007 811 Châtiment atroce d’une guerre que nous aurons tout
140 785 1927 913 fait, mes amis et les vôtres, pour empêcher, châtiment dont
140 893 2063 1018 seront victimes au total un demi-million peut-être de Français
151 1000 1999 1116 de Belges, d'Anglais avec tout un peuple qui voulait la paix
153 1103 1927 1210 comme nous-mêmes mais qui s’est laissé mal conduire par un
151 1203 2030 1323 Gouvernement assez insensé pour avoir voulu concilier l’incon-
151 1305 2106 1418 ciliable ; le maintien de la paix et l’esprit de conquête. Puisse
166 1405 2040 1515 du moins ce châtiment ouvrir, comme on le dit, une ère de paix
151 1515 2112 1620 nouvelle! Hélas, comment l’espérer quand on voit la bête humaine
161 1612 1958 1720 se réveiller dans un délire de fureur et nous échapper pour
151 1715 1515 1822 détruire les chefs-d’œuvre du génie humain!
460 1817 2071 1920 Nous n’en continuerons que plus obstinément, mon cher
140 1920 2001 2022 Keppel, avec notre cher Président Butler et nos innombrables
153 2019 2073 2124 amis, notre œuvre d'éducation dont on ne comprendra que mieux,
151 2124 2091 2219 après cette effroyable guerre, toute la grandeur et le bienfait
