2304 3072
780 92 975 189 - 12 -
153 176 2030 302 convaincre chez elle et qui seule pouvait travailler avec nous
171 284 1978 409 à la convertir. Et la France ? où trouvera t-elle les hommes
166 399 2053 499 dont elle avait déjà besoin auparavant pour soutenir les luttes
184 481 2032 601 de la concurrence universelle ? Une année va s'écouler pendant
171 576 2096 727 laquelle non seulement elle aura perdu ses ressources, mais elle
186 686 2022 829 aura suspendu l’instruction de ses jeunes gens. Et je ne parle
194 780 2022 901 pas des tours de force financiers qu’il faudra faire pour suf-
207 878 1976 1029 fire aux dépenses de réparation, de reconstruction ? Comment
212 977 2099 1126 conciliera-elle ce besoin de revivre, qui a toujours été en elle
204 1077 1981 1195 et les forces qu’il faudra encore mettre en avant pour faire
202 1175 2014 1323 face aux dangers qui subsisteront à l'étranger?.... Si l’Euro-
212 1269 2076 1420 pe divisée n'a rien su faire pour empêcher l’incendie des Bal-
209 1367 2094 1518 kans, l'Europe épuisée ne sera-t-elle pas plus impuissante enco-
202 1466 2099 1615 re ? Quelle force opposera-t-elle au fanatisme, à la mégalomanie
215 1561 2083 1717 que'lle aura suscitée parout, à son exemple ? C'est €à€ dire que
212 1687 1978 1789 la politique de la violence suivra son cours. A quel prix la
225 1758 1943 1912 France, victorieuse à la fin, mais saignée une fois encore,
212 1848 2112 2012 ravagée, ruinée, trouvera-t-elle la force de reprendre la sainte
230 1945 2088 2109 mission humaine, pacificatrice, qu’elle était si fière de devoir
220 2088 962 2211 à la confiance du monde?
519 2129 1966 2268 Je ne dis rien de ces inquiétudes trop naturelles,
235 2229 1958 2391 hélas, pour qui a quelque expérience des réalités de la vie
222 2321 2060 2496 internationale moderne, et qu’il est difficile de chasser quand
235 2414 2081 2583 les jours passent, si longs, si désolants, et sans résutats dé-
238 2508 1981 2677 cisifs: je les garde pour moi, et si je vous en parle, c’est
235 2603 2104 2767 pour en conclure avec plus de force qu’en dépit de tout je crois
248 2698 2078 2864 avec certitude et comme toute la France que le militarisme prus-
268 2790 1948 2977 sien ne pourra pas triompher en mesurant le mal qu'il aura
