2304 3072
919 46 1118 143 - 8 -
71 266 2170 399 voltées ; il faut tout faire pour qu’il ne soient pas dupes indéfini-
69 491 2188 611 n'ont pas pu prendre les armes ; c’est aujourd hui leur seule mani ère
87 396 2178 509 ment d’un tel régime ; là est le devoir de tous ceux d’entre nous qui
81 606 1889 724 efficace de combattre pour la paix réelle, pour la vérité.
870 755 1766 901 Votre affectueusement dévoué.
