2304 3072
94 122 386 212 SENAT
1034 102 2173 204 Clermont Créans (Sarthe) le 13 Novembre
2053 181 2173 296 1914
872 386 995 501 N° 9
604 542 1108 665 Mon cher Butler,
238 652 2078 801 Les journaux français, si absorbés qu’ils soient par la guerre
97 783 2065 901 nous apportent cependant les résultats de vos élections générales à
94 888 2073 993 la Chambre des représentants de l'Union et, pour une part, au Sénat
92 993 2106 1095 fédéral ainsi qu'à diverses fonctions électives des Etats-Unis. Vous
110 1075 2168 1190 m’aviez envoyé d’ailleurs, comme spécimen, un bulletin de vote, vérita-
94 1190 2094 1285 ble casse-tête où il faut vraiement que les électeurs soient fort é-
115 1267 2142 1387 clairés et patients pour se reconnaître. Nous avons renoncé chez nous,
125 1382 2135 1477 avec raison, au système des élections différentes simultanées ; il y a
104 1474 2178 1584 quelques années encore les électeurs en France avaient à nommer en même
104 1571 2193 1676 temps leurs représentants au conseil Général et au Conseil d'Arrondisse-
102 1653 2234 1763 ment. Il s'en est suivi de telles confusions qu'on a fini par séparer les
135 1768 2094 1858 deux élections complétement ; c’est l’une ou l’autre, jamais l'une et
133 1863 2145 1955 l'autre. Votre système, avec des législatures très courtes, a l'avan-
125 1960 2101 2063 tage de vous éviter des élections trop fréquentes, mais, en revanche,
120 2040 2055 2147 il est bien compliqué, inextricable. Que serait-ce si vous aviez la
122 2147 2109 2245 représentation proportionnelle ! ! Enfin, voilà qui, pour l'instant,
143 2240 901 2339 est insignifiant en Europe.
271 2306 2050 2421 Ce qui m’intéresse c’est le résultat général de vos élections.
145 2408 2193 2513 Votre lettre et vos cuttings confirme££ enti èrement ce que nous ont appris
135 2516 2132 2611 les journaux, les démocrates ont perdu la grande avance qu'ils avaient
128 2606 2068 2711 conquise. J'entends expliquer ce revirement par plusieurs causes ; 1°
122 2744 1397 2869 Monsieur le Président Nicholas Murray BUTLER
542 2831 780 2941 NEW-YORK
