2304 3072
806 48 993 151 - 7 -
294 194 2088 335 mais sans aller jusqu’à se livrer à des manifestations mys-
304 317 2106 435 tiques ou chevaleresques qui cependant auraient exercé sur le
327 412 2053 537 monde une puissante action morale, il a quand même une pré-
320 509 2173 642 caution essentielle à prendre pour la sauvegarde des Etats-Unis
307 616 2094 729 S'il attend en spectateur passif l'issue de la lutte du bien
320 711 2094 826 et du mal et si c’est le plus gros canon qui l’emporte, quel
307 811 2053 924 sera demain le sort de votre pays, de la civilisation? Vous
317 906 2176 1021 aurez laissé triompher la violence ; il faudra donc vous décidez
309 1000 2099 1113 pour ne pas être, à votre tour, le plus faible, à devenir le
304 1100 2119 1218 plus fort ; et alors c'est la politique du Président Roosevelt
314 1203 2101 1310 celle de Lord Roberts, celle de l’impérialisme universel qui
327 1300 2088 1418 devra s’opposer demain à celle du militarisme prussien vous
309 1392 1807 1510 aurez écrasé dans sa fleur l’avenir des Etats-Unis.
468 1489 2173 1605 Quoi qu’il en soit, encouragé par la trop grande habileté,
304 1587 2222 1702 ou par la circonspection, ou€pour€ par l’impuissance des neutres,
317 1687 2196 1799 le militarisme prussien va s’enfoncer de plus en plus avant dans
309 1781 2101 1896 son égarement; il n’est pas honteux, il est fier d’épouvanter
309 1881 2078 1999 le monde ; il se croit respecté parce qu’il est naïf il prend
312 1976 2022 2086 pour de l’admiration le salut qu’il impose aux populations
327 2071 2160 2183 vaincues il arrache aux intellectuels allemands eux-mêmes leur
327 2168 2050 2283 approbation de ses crimes ; il va donc continuer, sans autre
320 2257 2104 2375 obstacle que la résistance matérielle de ses adversaires, son
307 2352 2040 2475 oeuvre hideuse de profanation et de mensonge, anéantir tout
327 2449 2114 2570 ce qui peut mettre en relief la supériorité de la civilisation
317 2544 2058 2672 sur sa bassesse ; il faudra qu’il renverse tout à son niveau.
458 2641 2112 2754 S'il devait du moins réussir, je comprendrais les politi-
317 2734 2163 2854 ciens qui attendent d'où vient le vent, mais il ne réussira pas:
345 2833 2170 2967 plus il tombera de haut plus son écrasement final est certain.
