2304 3072
798 115 947 215 - 6 -
225 227 2019 381 et à ce qu’elle flatte bien des amour-propres, mais cela tient
250 348 1920 476 aussi à ce qu’elle sert beaucoup d’intérêts. Je ne l'avais
256 448 1986 570 jamais compris comme à présent, sur le vif. Je vois par exem-
235 552 1958 665 ble la ville du Mans s’enrichir de la guerre ; les cafés, les
266 655 1943 760 restaurants, les hôtels refusent du monde ; les cultivateurs
253 750 1955 862 se voient disputer leurs produits. Il y a aussi les réquisi-
256 842 2063 952 tions militaires dont on profite pour se débarrasser à bon prix
256 942 2014 1047 d’un vieux cheval, d’une voiture, d’une automobile, etc. etc..
256 1034 2009 1139 il y a les bouchers, les boulangers, les menuisiers, etc. qui
263 1134 1996 1231 n'ont jamais trouvé tant d’acheteurs ; il ya les fabricants de
273 1226 2022 1331 conserves, les fournisseurs de matériel pour les hôpitaux, ta-
268 1315 1930 1423 pissiers, menuisiers, pharmaciens, orthopédistes, etc.etc..
268 1410 1937 1520 Ajoutez à cela un nombre immense de fournisseurs militaires
263 1507 1996 1612 non pas seulement ceux qui vendent les canons et les armes et
263 1602 1999 1707 les munitions, mais les accessoires, les habillements, le ma-
273 1699 1889 1807 tériel des transports et de l’intendance, etc, etc. C’est
276 1789 2012 1896 tout un monde ; ajoutez à ce monde tout ce qu’il y a de combat-
273 1876 1914 1989 tants promus officiers, colonels, généraux, décorés; -jadis
279 1976 1981 2088 Napoléon 1er leur donnait des titres et des majorats! - vous
276 2068 1960 2183 comprendrez qu’après la guerre, s’il y a un nombre infini de
276 2160 1948 2278 malheureux en deuil et ruinés qui se lamentent, il y a €une€
273 2250 1925 2365 €nombre€ en a d’autres, au contraire, qui ont très bien fait
273 2337 1991 2462 leurs affaires, se sont enrichis, élevés au point qu’ils for-
276 2437 2009 2549 ment une classe privilégiée, fortunée, celle qui trouvera tout
273 2526 2012 2641 naturel de réclamer de nouveau ou dont les enfants réclameront
279 2624 1984 2736 plus tard la guerre ; tandis que la foule des malheureux, sans
296 2708 1968 2826 forces, sans ressources, sans protection mettront des années
263 2813 1920 2944 à reconquérir dans la paix les droits dont ils jouissaient
