2304 3072
675 115 896 220 - 14 -
112 209 1948 368 fait , je mesure aussi l’exécration dont il se charge et qui
102 294 862 440 finira par le terrasser.
422 437 1978 547 La crise aura été terrible, mais quand je vois avec
110 504 2019 673 quelle héroïque fermeté les plus malheureux, la Belgique et la
125 645 2022 747 France, la supportent, quand je vois l’union de tous s’affirmer
120 747 1978 849 se fortifier malgré tout, je me répète le vieux proverbe ; " à
133 852 2042 952 quelque chose malheur est bon" ; la cause de la démocratie grandi
128 949 1920 1047 ra dans la confiance populaire de tout ce que va perdre non
140 1049 2037 1159 seulement le militarisme, mais le système autocratique prussien,
122 1152 1930 1259 La Russie elle-même qui n'a pas encore payé sa part de souf-
133 1249 1991 1351 frances et qui la paiera toujours moins que les autres, pourra
133 1351 1889 1446 profiter des enseignements d’une telle guerre ; elle mettra,
133 1443 2019 1546 comme tout le monde, en balance les avantages recueillis et les
130 1546 2024 1653 pertes irréparables ; pour tout dire, la leçon de la guerre sera
143 1635 1937 1743 la confirmation sanglante de notre enseignement ; on trouvera
151 1735 2004 1843 parmi les belligérants et les neutres bien peu d’hommes qui ne
151 1832 1999 1937 s'écrient ; si on avait pu l’éviter! en nous approuvant d’avoir
153 1925 2017 2032 essayé. Nous aurons ouvert la voie, montré le chemin ; la guerre
148 2030 2012 2135 actuelle se livre entre nos idées de conciliation et celles que
143 2124 1904 2227 nous avons combattues. Loin d’amollir les peuples, comme on
163 2216 1937 2327 l’a prétendu, ces idées sont la vraie source des plus nobles
158 2314 1999 2419 efforts humains ; elles ont été la source de la Révolution Fran-
166 2401 2042 2521 çaise, comme de la Révolution Américaine ; elles seront la source
161 2496 1973 2616 €des plus nobles experts humains€ des résistances qui briseront
174 2590 2009 2721 le militarisme. Elles ne se tariront pas, et c’est elles seules
166 2682 1930 2810 qui, apr ès la guerre, seront le salut, car nous n’aurons même
166 2782 1996 2895 plus besoin de parler ni d’écrire pour que chacun sache de quel
171 2877 1996 3005 côté est le mensonge, de quel côté la vérité, de quel côté le f
