2304 3072
816 10 998 107 - 2 -
35 140 2040 289 l’affaire du Mexique, ce qui, à mes yeux, n’est pas juste, car s’il
35 243 2012 366 était impossible à tout être humain d’éviter, dans une crise aussi
40 355 2142 473 grave, des erreurs et même des fautes, il faut voir les choses par les
23 453 2209 573 grandes lignes et reconnaître que l’administration du Pt. Wilson a évité
20 558 2106 678 la guerre, là où bien d’autres Gouvernements l'auraient crue inévita-
25 652 2060 773 ble ou même nécessaire. Aucun Gouvernement ne règlera jamais parfai-
43 755 2001 862 tement vos difficultés avec le Mexique, pas plus qu’aucun homme ne
30 857 2129 967 peut vivre tranquille avec un voisin turbulent. On ne peut pas rendre
25 957 2048 1070 le Gouvernement du Pt Wilson, pas plus que celui de M. Taft, respon-
33 1057 2081 1172 sable d’une situation qui résulte de la nature des choses et qui, re-
23 1154 1569 1262 montant à bien loin, se prolongera encore longtemps.
189 1254 1896 1361 En revanche, on n’a pas tenu compte au Gouvernement du Pt.
30 1351 2055 1469 Wilson de sa bien rare énergie dans l’affaire presque désespérée des
23 1451 1456 1559 taxes du canal de Panama. Là il a été admirable.
168 1543 1850 1653 Il est probable qu'on a reproché aux Démocrates ce qu'on
43 1646 1948 1751 leur a reproché avec raison dans tous les temps et tous les pays:
43 1745 2030 1853 leur inexpérience des hommes et des choses, leurs choix de fonction-
33 1843 1968 1953 naires ou de représentants peu préparés et encore moins qualifiés,
20 1940 1937 2045 etc. etc. et quantité d’erreurs de détail auxquelles l'opinion est
43 2035 2042 2140 souvent plus sensible qu’aux grandes fautes. Les Américains sont, en
20 2127 2048 2234 cette matière, aussi susceptibles que les Français ; les Anglais seuls
43 2227 1958 2329 supportent, sans même les voir, ces petits ennuis ; ils les évitent
53 2324 1948 2429 aussi par leur modération et leur respect traditionnel des formes
56 2414 2009 2521 dont on a bien tort de se moquer. C'est eux qui disent "les manières
53 2508 1541 2613 font les hommes" ; ils ont raison et ils le prouvent.
176 2595 2037 2713 Quoi qu’il en soit, les démocrates ont perdu beaucoup de terrain
23 2698 483 2798 aux Etats-Unis.
176 2790 2030 2920 Je me demande, - vous ferez la part naturelle de ma partialité,-
