<?xml version="1.0" encoding="UTF-8"  standalone="yes"?>
<PcGts xmlns="http://schema.primaresearch.org/PAGE/gts/pagecontent/2019-07-15" xmlns:xsi="http://www.w3.org/2001/XMLSchema-instance" xsi:schemaLocation="http://schema.primaresearch.org/PAGE/gts/pagecontent/2019-07-15 http://schema.primaresearch.org/PAGE/gts/pagecontent/2019-07-15/pagecontent.xsd">
  <Metadata>
	<Creator>escriptorium</Creator>
	<Created>2021-03-18T09:57:19.200925+00:00</Created>
    <LastChange>2021-03-18T09:57:19.200947+00:00</LastChange>
  </Metadata>
  <Page imageFilename="P1110459.JPG" imageWidth="2304" imageHeight="3072">

    

    
    <TextRegion id="eSc_dummyblock_">
    
    
      <TextLine id="eSc_line_349958" >
        <Coords points="732,122 737,97 762,76 816,87 870,61 888,79 965,81 995,53 1036,94 1049,81 1108,79 1136,94 1154,76 1195,89 1213,102 1218,128 1210,168 1185,179 1154,166 1067,184 1016,166 983,179 947,168 839,184 826,171 755,166 734,179"/>
        <Baseline points="732,122 865,120 1218,128"/>
        <TextEquiv>
          <Unicode>LETTRE N° 9 bis</Unicode>
        </TextEquiv>
      </TextLine>

    
    
      <TextLine id="eSc_line_349959" >
        <Coords points="104,373 107,330 143,343 171,317 199,335 232,302 266,302 291,279 309,296 353,304 376,281 404,294 412,376 391,376 355,412 335,396 279,399 261,386 248,399 204,391 107,401"/>
        <Baseline points="104,373 350,371 412,376"/>
        <TextEquiv>
          <Unicode>SENAT</Unicode>
        </TextEquiv>
      </TextLine>

    
    
      <TextLine id="eSc_line_349960" >
        <Coords points="1172,378 1177,343 1187,353 1228,314 1259,320 1282,340 1297,327 1369,337 1384,322 1397,332 1415,317 1443,348 1487,307 1541,322 1571,312 1607,348 1630,335 1651,355 1666,348 1676,358 1738,299 1784,335 1802,325 1815,337 1904,325 1917,337 1937,325 1968,343 1991,320 2040,332 2060,317 2086,340 2112,322 2142,337 2211,340 2234,325 2240,384 2232,409 2206,419 2193,409 2183,417 2129,407 2114,391 2094,404 2045,404 2017,432 1991,409 1960,424 1930,401 1902,419 1863,404 1830,427 1807,404 1779,404 1763,389 1738,414 1664,404 1594,424 1576,409 1546,424 1530,409 1451,399 1431,412 1413,401 1374,404 1351,419 1328,399 1300,412 1213,404 1203,414 1175,396"/>
        <Baseline points="1175,381 1459,378 1763,381 2242,384"/>
        <TextEquiv>
          <Unicode>Clermont-Créans, le 16 Novembre 1914</Unicode>
        </TextEquiv>
      </TextLine>

    
    
      <TextLine id="eSc_line_349967" >
        <Coords points="104,519 107,496 140,473 161,486 197,478 209,488 232,463 268,483 317,458 350,481 391,481 407,465 432,481 463,481 471,512 465,570 445,568 412,596 373,568 337,576 284,560 248,576 238,565 217,576 174,565 145,588 110,555"/>
        <Baseline points="104,519 471,512"/>
        <TextEquiv>
          <Unicode>PERSONNELLE</Unicode>
        </TextEquiv>
      </TextLine>

    
    
      <TextLine id="eSc_line_349961" >
        <Coords points="599,663 604,601 616,614 640,609 668,624 729,596 773,622 785,609 808,614 834,601 867,629 903,619 929,593 957,604 967,596 995,619 1064,601 1098,632 1139,604 1233,619 1264,593 1305,627 1354,604 1400,627 1436,611 1448,624 1474,614 1487,624 1518,616 1530,629 1564,616 1582,629 1648,629 1664,616 1687,627 1735,611 1753,629 1786,624 1792,670 1784,711 1704,716 601,709"/>
        <Baseline points="599,663 698,670 1057,668 1792,670"/>
        <TextEquiv>
          <Unicode>FRIED - DAVID STARR-JORDAN - HERRIOT et</Unicode>
        </TextEquiv>
      </TextLine>

    
    
      <TextLine id="eSc_line_349962" >
        <Coords points="217,775 222,742 302,678 340,709 373,688 442,704 478,683 519,704 542,691 622,709 652,734 704,711 732,719 765,709 931,709 942,719 983,711 1054,727 1077,709 1090,719 1118,716 1136,732 1185,714 1236,729 1269,716 1292,732 1331,732 1354,714 1374,729 1436,714 1464,729 1500,716 1515,729 1576,724 1600,734 1643,719 1676,744 1704,724 1725,737 1756,721 1789,732 1815,721 1848,747 1871,729 1889,724 1902,734 1922,719 1989,729 2030,765 2017,811 1925,821 1889,811 1779,821 1646,811 1602,821 1530,811 1210,816 1041,806 286,808 271,821 222,793"/>
        <Baseline points="217,775 258,770 286,773 378,768 1164,765 1546,768 1576,775 1630,770 1966,773 2030,765"/>
        <TextEquiv>
          <Unicode>NOTRE ENQUETE DANS LES BALKANS - LES CONVENTIONS de LA HAYE.</Unicode>
        </TextEquiv>
      </TextLine>

    
    
      <TextLine id="eSc_line_349963" >
        <Coords points="248,870 253,826 486,834 522,808 716,808 732,819 783,808 816,821 834,808 860,826 885,806 954,821 977,839 1008,814 1021,824 1072,814 1085,824 1139,816 1154,826 1249,816 1264,829 1466,829 1482,819 1638,829 1653,819 1702,837 1789,816 1809,832 1909,821 2040,826 2060,844 2091,826 2104,832 2112,865 2104,906 2019,916 1963,908 1945,924 1920,908 1687,908 1651,924 1597,908 1548,916 1387,906 1351,916 1341,906 1218,906 1200,916 1177,906 1113,913 1098,903 1000,913 949,903 468,906 448,921 396,906 348,924 296,908 253,924"/>
        <Baseline points="248,870 460,867 522,862 2032,862 2081,870 2112,865"/>
        <TextEquiv>
          <Unicode>L&#39;ENVOI d&#39;une COMMISSION d&#39;ENQUETE AMERICAINE EST-IL POSSIBLE ?</Unicode>
        </TextEquiv>
      </TextLine>

    
    
      <TextLine id="eSc_line_349964" >
        <Coords points="770,960 773,931 798,929 814,913 852,944 875,921 906,924 916,913 931,926 1013,916 1026,929 1070,926 1088,913 1098,924 1144,919 1190,934 1226,911 1251,929 1384,929 1402,916 1461,929 1500,913 1518,924 1561,913 1576,929 1610,929 1630,960 1623,1013 1536,1008 1518,1026 1500,1008 1477,1006 1379,1016 1356,1003 1180,1011 1154,1000 1121,1003 1098,1021 1067,1003 911,1006 893,1024 862,1003 773,1006"/>
        <Baseline points="770,960 839,967 1182,965 1574,967 1630,960"/>
        <TextEquiv>
          <Unicode>LA NEUTRALITE des ETATS-UNIS</Unicode>
        </TextEquiv>
      </TextLine>

    
    
      <TextLine id="eSc_line_349965" >
        <Coords points="1067,1157 1082,1095 1111,1121 1152,1100 1172,1116 1190,1105 1203,1118 1233,1118 1267,1105 1331,1121 1364,1095 1390,1121 1415,1111 1454,1123 1479,1113 1489,1123 1541,1118 1556,1154 1543,1192 1469,1185 1441,1203 1423,1187 1387,1210 1333,1180 1290,1203 1259,1203 1246,1190 1190,1195 1175,1180 1126,1203 1113,1190 1093,1198 1070,1187"/>
        <Baseline points="1067,1157 1489,1162 1556,1154"/>
        <TextEquiv>
          <Unicode>Mon cher Butler,</Unicode>
        </TextEquiv>
      </TextLine>

    
    
      <TextLine id="eSc_line_349966" >
        <Coords points="568,1351 570,1292 599,1285 642,1300 675,1282 691,1297 796,1287 832,1303 857,1295 870,1308 921,1295 972,1328 1021,1295 1049,1323 1100,1290 1141,1305 1187,1287 1226,1313 1269,1310 1287,1292 1310,1308 1344,1295 1361,1313 1418,1310 1441,1320 1479,1297 1510,1326 1561,1297 1571,1308 1615,1303 1635,1318 1676,1308 1694,1320 1743,1290 1779,1292 1832,1318 1881,1292 1917,1323 1996,1305 2050,1308 2071,1320 2083,1308 2109,1328 2119,1318 2137,1351 2129,1395 2076,1400 2060,1390 2009,1395 1973,1384 1960,1395 1925,1377 1899,1395 1889,1384 1845,1395 1812,1382 1704,1390 1602,1377 1571,1392 1436,1377 1390,1390 1374,1382 1356,1395 1328,1382 1292,1387 1228,1374 1192,1382 1177,1397 1164,1384 1082,1382 1064,1369 1041,1390 1000,1390 975,1369 934,1384 898,1374 865,1384 770,1379 760,1390 704,1379 573,1384"/>
        <Baseline points="570,1354 698,1359 727,1354 2140,1354"/>
        <TextEquiv>
          <Unicode>Nous avons eu la bonne surprise de recevoir à Créans,</Unicode>
        </TextEquiv>
      </TextLine>

    
    
      <TextLine id="eSc_line_349968" >
        <Coords points="248,1456 253,1387 320,1384 389,1428 432,1397 460,1390 486,1410 517,1384 532,1395 547,1382 591,1397 732,1384 765,1405 780,1395 803,1408 901,1395 949,1413 1016,1392 1039,1410 1057,1400 1095,1418 1187,1400 1205,1413 1226,1402 1287,1415 1341,1395 1374,1415 1390,1402 1408,1415 1451,1395 1472,1410 1495,1397 1533,1413 1553,1397 1571,1400 1597,1418 1633,1415 1651,1400 1689,1418 1748,1400 1771,1418 1809,1418 1832,1400 1881,1420 1914,1402 1963,1418 1991,1395 2019,1405 2045,1395 2086,1415 2112,1408 2132,1418 2155,1456 2135,1497 2117,1487 2078,1497 2065,1487 2042,1495 1994,1482 1953,1492 1925,1477 1873,1492 1758,1479 1699,1489 1679,1482 1664,1492 1589,1479 1530,1495 1515,1482 1454,1474 1428,1487 1287,1479 1272,1492 1254,1477 1141,1482 1118,1469 1103,1482 1077,1477 1047,1489 942,1472 916,1492 875,1477 796,1492 747,1477 721,1492 642,1477 609,1489 560,1474 527,1495 504,1484 488,1495 407,1484 381,1469 353,1489 253,1484"/>
        <Baseline points="248,1456 330,1461 394,1456 2155,1456"/>
        <TextEquiv>
          <Unicode>hier matin 15 Novembre, votre affectueux cablogramme de New-York,</Unicode>
        </TextEquiv>
      </TextLine>

    
    
      <TextLine id="eSc_line_349969" >
        <Coords points="248,1556 253,1489 314,1489 343,1505 366,1487 384,1500 401,1492 424,1510 455,1492 555,1502 578,1489 622,1512 657,1489 709,1489 768,1502 872,1502 901,1523 957,1497 980,1505 1000,1489 1072,1518 1121,1497 1139,1512 1180,1502 1213,1515 1285,1502 1328,1533 1379,1495 1395,1507 1454,1505 1487,1520 1538,1500 1564,1518 1607,1518 1704,1497 1751,1515 1866,1515 1881,1505 1907,1525 1966,1502 2024,1525 2145,1502 2199,1528 2206,1548 2196,1566 2178,1566 2142,1594 2114,1576 2019,1597 1984,1587 1920,1594 1889,1576 1786,1589 1725,1584 1702,1600 1646,1566 1607,1594 1548,1576 1518,1589 1489,1579 1377,1589 1323,1571 1297,1592 1280,1579 1231,1597 1187,1566 1146,1587 1052,1579 949,1600 908,1579 872,1589 849,1582 832,1594 814,1579 780,1592 742,1592 724,1579 701,1587 663,1561 632,1584 596,1584 560,1602 545,1594 519,1605 494,1584 437,1592 412,1576 358,1597 253,1589"/>
        <Baseline points="248,1556 629,1561 655,1556 980,1556 1157,1553 1231,1548 2206,1548"/>
        <TextEquiv>
          <Unicode>ainsi rédigé ; &quot;Félicitations en vous souhaitant vivement des anni-</Unicode>
        </TextEquiv>
      </TextLine>

    
    
      <TextLine id="eSc_line_349971" >
        <Coords points="227,1646 279,1602 296,1610 327,1592 343,1592 371,1620 499,1620 532,1640 578,1594 606,1623 640,1623 663,1620 696,1589 716,1602 752,1592 785,1617 803,1605 819,1615 847,1594 913,1607 929,1597 965,1600 983,1617 1059,1602 1113,1617 1208,1617 1236,1605 1290,1643 1336,1610 1377,1620 1431,1615 1456,1600 1479,1620 1500,1602 1525,1612 1574,1600 1635,1612 1658,1605 1684,1630 1697,1628 1704,1648 1697,1679 1630,1671 1492,1681 1466,1669 1354,1697 1305,1666 1277,1679 1108,1676 1088,1689 1034,1666 998,1687 975,1666 944,1684 921,1674 896,1694 878,1679 839,1676 785,1692 773,1679 691,1681 675,1666 657,1684 542,1689 524,1674 509,1687 483,1676 442,1689 284,1679 263,1689 230,1656"/>
        <Baseline points="230,1648 271,1658 299,1658 488,1656 514,1651 1705,1651"/>
        <TextEquiv>
          <Unicode>versaires plus heureux à l’avenir&quot;. Signé Butler.</Unicode>
        </TextEquiv>
      </TextLine>

    
    
      <TextLine id="eSc_line_349970" >
        <Coords points="560,1756 563,1735 593,1704 611,1702 652,1720 673,1699 709,1733 780,1697 808,1697 837,1720 870,1694 883,1707 903,1697 949,1728 988,1689 1006,1707 1029,1702 1052,1720 1134,1687 1154,1704 1180,1697 1213,1722 1262,1704 1280,1720 1310,1707 1349,1717 1379,1702 1433,1697 1451,1712 1469,1697 1512,1722 1556,1707 1610,1712 1617,1745 1610,1774 1515,1774 1495,1794 1472,1776 1454,1786 1369,1776 1354,1786 1338,1771 1290,1776 1274,1792 1262,1779 1228,1789 1210,1776 1190,1786 1144,1774 1008,1776 998,1786 957,1774 893,1786 878,1776 834,1786 814,1776 793,1792 762,1776 719,1774 629,1784 614,1768 591,1784 563,1766"/>
        <Baseline points="560,1756 1029,1756 1180,1748 1233,1751 1262,1745 1349,1743 1617,1745"/>
        <TextEquiv>
          <Unicode>J&#39;ai répondu aussitôt par celui-ci:</Unicode>
        </TextEquiv>
      </TextLine>

    
    
      <TextLine id="eSc_line_349972" >
        <Coords points="576,1850 581,1812 650,1809 675,1820 706,1804 737,1832 783,1792 824,1802 847,1789 890,1815 913,1797 965,1812 985,1799 1049,1812 1111,1789 1157,1809 1180,1786 1198,1802 1254,1786 1287,1802 1344,1802 1367,1822 1395,1794 1413,1802 1438,1781 1466,1807 1541,1794 1566,1809 1661,1794 1720,1794 1738,1804 1774,1784 1802,1804 1815,1794 1879,1794 1894,1804 1930,1789 1971,1817 1978,1835 1971,1879 1960,1881 1927,1868 1830,1876 1815,1863 1751,1868 1733,1884 1699,1866 1574,1873 1559,1858 1479,1881 1413,1879 1397,1863 1369,1879 1303,1868 1256,1889 1205,1871 1185,1884 1172,1871 1075,1866 962,1879 824,1873 803,1891 773,1866 711,1889 668,1873 578,1879"/>
        <Baseline points="576,1850 675,1850 706,1845 1507,1848 1617,1835 1978,1835"/>
        <TextEquiv>
          <Unicode>Merci.&quot;In arduis constans&quot;. Signé Destournelles.</Unicode>
        </TextEquiv>
      </TextLine>

    
    
      <TextLine id="eSc_line_349973" >
        <Coords points="552,1948 583,1909 693,1917 714,1896 734,1917 757,1914 773,1930 806,1896 824,1912 888,1896 947,1925 980,1902 1034,1912 1049,1902 1095,1912 1105,1902 1157,1925 1180,1902 1213,1896 1228,1912 1285,1886 1303,1904 1338,1904 1364,1884 1397,1907 1461,1902 1482,1912 1518,1899 1694,1909 1733,1891 1763,1907 1779,1894 1817,1904 1850,1894 1873,1917 1899,1894 1932,1914 1955,1891 2078,1904 2088,1932 2065,1955 2027,1960 2007,1981 1945,1986 1927,1968 1784,1978 1761,1960 1699,1968 1676,1989 1605,1968 1574,1978 1523,1968 1479,1989 1456,1966 1413,1966 1402,1976 1382,1968 1367,1984 1341,1966 1205,1976 1169,1955 1131,1991 1111,1971 1095,1981 1077,1973 1059,1989 1041,1971 977,1976 947,1958 926,1976 893,1981 875,1971 773,1981 760,1968 616,1984 606,1973 578,1976 555,1953"/>
        <Baseline points="555,1950 975,1948 1175,1943 1210,1937 1853,1937 1943,1943 2013,1944 2090,1933"/>
        <TextEquiv>
          <Unicode>Jamais cette devise &quot;in arduis constans&quot; qui a tou-</Unicode>
        </TextEquiv>
      </TextLine>

    
    
      <TextLine id="eSc_line_349974" >
        <Coords points="238,2035 271,2004 294,2017 368,2014 378,2004 412,2022 455,1999 471,2009 509,1978 550,2007 593,2017 663,2014 691,1994 714,2014 783,2012 803,2027 860,1996 890,2022 921,2009 967,2019 1006,1994 1041,2007 1100,2007 1116,1996 1177,2017 1203,1996 1218,2007 1267,1996 1287,2009 1308,1996 1351,2009 1379,1991 1428,2004 1441,1994 1477,1999 1495,1984 1523,2001 1589,1981 1646,1996 1681,1989 1715,2007 1751,1989 1794,1996 1822,1973 1876,2007 1899,1991 2078,1991 2117,2024 2091,2058 2042,2058 2030,2068 2009,2055 1989,2060 1960,2040 1937,2058 1899,2060 1871,2045 1830,2065 1768,2058 1748,2073 1702,2048 1681,2063 1648,2065 1569,2055 1492,2071 1456,2060 1441,2073 1372,2063 1326,2078 1254,2068 1221,2083 1190,2065 1172,2081 1131,2078 1100,2058 1049,2076 995,2065 980,2076 911,2073 885,2058 829,2086 796,2063 760,2088 744,2081 732,2091 629,2065 560,2078 537,2063 501,2086 481,2076 437,2091 412,2078 386,2088 343,2076 261,2083 243,2071"/>
        <Baseline points="238,2035 296,2050 565,2053 683,2050 834,2040 1446,2042 1556,2035 1633,2035 1658,2030 2083,2032 2117,2024"/>
        <TextEquiv>
          <Unicode>jours été la règle de ma vie et qui pourrait être celle de tous</Unicode>
        </TextEquiv>
      </TextLine>

    
    
      <TextLine id="eSc_line_349979" >
        <Coords points="238,2140 268,2101 291,2117 337,2104 355,2117 389,2091 427,2106 450,2088 478,2112 573,2106 650,2127 714,2099 765,2119 819,2094 872,2109 901,2091 931,2114 972,2081 1024,2106 1113,2099 1141,2081 1185,2094 1221,2088 1236,2101 1274,2088 1287,2099 1341,2099 1349,2088 1382,2099 1489,2099 1518,2078 1617,2096 1651,2086 1669,2096 1694,2081 1730,2094 1856,2094 1889,2078 1917,2096 1932,2086 2024,2088 2055,2065 2094,2094 2135,2081 2170,2124 2147,2160 2124,2155 2104,2168 2035,2150 1986,2155 1966,2170 1904,2145 1889,2158 1812,2168 1794,2155 1751,2170 1712,2158 1687,2176 1661,2160 1579,2165 1564,2155 1505,2168 1456,2158 1431,2170 1326,2163 1277,2181 1239,2158 1152,2176 1134,2165 1070,2176 1057,2165 977,2176 852,2168 765,2183 714,2155 629,2183 583,2170 532,2173 504,2188 478,2170 381,2178 355,2165 330,2178 258,2176 243,2163"/>
        <Baseline points="240,2142 309,2147 337,2140 455,2145 977,2145 1008,2140 1280,2132 1676,2135 1812,2127 2063,2127 2088,2122 2117,2122 2173,2125"/>
        <TextEquiv>
          <Unicode>les Français, n&#39;a plus exactement qu&#39;aujourd’hui exprimé mon état</Unicode>
        </TextEquiv>
      </TextLine>

    
    
      <TextLine id="eSc_line_349975" >
        <Coords points="232,2250 238,2229 276,2201 355,2211 373,2199 399,2211 468,2209 496,2196 537,2227 570,2201 586,2211 724,2199 737,2206 770,2186 796,2188 832,2216 919,2176 975,2211 1024,2173 1100,2199 1131,2181 1180,2193 1210,2178 1228,2188 1246,2176 1318,2199 1367,2176 1428,2199 1500,2191 1530,2209 1569,2176 1635,2193 1661,2178 1720,2183 1735,2173 1761,2186 1784,2176 1817,2201 1832,2188 1894,2181 2065,2183 2086,2168 2155,2188 2163,2222 2155,2247 2129,2255 2042,2247 2009,2265 1950,2242 1932,2257 1909,2250 1820,2263 1756,2242 1733,2255 1658,2255 1635,2268 1612,2255 1584,2265 1528,2250 1505,2263 1336,2257 1310,2270 1262,2263 1241,2245 1180,2275 1159,2263 1118,2275 1090,2255 1070,2270 1034,2260 1018,2270 977,2255 952,2268 911,2273 883,2260 860,2270 819,2255 768,2275 742,2255 680,2278 657,2265 565,2275 535,2255 514,2273 468,2265 368,2278 350,2268 332,2278 309,2260 271,2273 238,2250"/>
        <Baseline points="234,2252 268,2245 622,2242 780,2234 1241,2237 1267,2232 1397,2229 1423,2224 2165,2224"/>
        <TextEquiv>
          <Unicode>d&#39;esprit ; jamais je n&#39;ai été plus fermement attaché à notre idéal</Unicode>
        </TextEquiv>
      </TextLine>

    
    
      <TextLine id="eSc_line_349976" >
        <Coords points="256,2337 261,2293 291,2309 322,2286 394,2321 435,2293 468,2306 512,2306 524,2296 555,2306 709,2306 750,2275 832,2314 893,2265 954,2291 1000,2268 1034,2278 1054,2270 1093,2298 1121,2278 1157,2288 1182,2278 1233,2296 1254,2283 1320,2296 1354,2275 1382,2291 1413,2278 1474,2291 1492,2278 1520,2293 1533,2283 1564,2286 1582,2270 1612,2291 1687,2268 1715,2286 1809,2268 1835,2280 1986,2270 2035,2301 2076,2270 2101,2283 2219,2275 2242,2288 2250,2319 2224,2350 2183,2344 2165,2357 2083,2344 2032,2368 1989,2350 1960,2368 1917,2350 1858,2362 1822,2344 1669,2360 1643,2347 1589,2357 1538,2350 1497,2368 1472,2355 1223,2365 1180,2347 1146,2365 1121,2352 1059,2375 1036,2357 1003,2360 988,2347 962,2365 903,2355 847,2365 829,2352 803,2365 752,2360 732,2370 642,2362 578,2373 563,2362 524,2378 501,2365 430,2375 396,2352 373,2368 261,2365"/>
        <Baseline points="258,2339 834,2339 954,2332 1164,2327 1635,2329 1797,2321 1825,2316 2106,2316 2251,2321"/>
        <TextEquiv>
          <Unicode>mais c’est pourquoi j&#39;ai tenu à vous écrire si régulièrement, depuis</Unicode>
        </TextEquiv>
      </TextLine>

    
    
      <TextLine id="eSc_line_349978" >
        <Coords points="250,2434 258,2393 327,2406 394,2393 494,2403 517,2385 535,2398 606,2403 619,2393 706,2398 732,2378 770,2406 826,2375 857,2398 919,2368 975,2393 1031,2375 1082,2388 1121,2380 1136,2393 1223,2391 1251,2378 1415,2396 1438,2375 1477,2388 1551,2388 1576,2375 1674,2388 1692,2375 1802,2378 1838,2360 1868,2375 1889,2365 1904,2378 1940,2378 1958,2391 1981,2373 2045,2391 2068,2373 2091,2383 2109,2375 2132,2388 2140,2414 2119,2444 2065,2449 2040,2434 1986,2455 1927,2455 1894,2437 1863,2462 1817,2449 1763,2452 1751,2442 1707,2457 1692,2447 1620,2457 1559,2432 1492,2455 1420,2442 1336,2455 1285,2449 1254,2465 1200,2449 1062,2460 1036,2447 926,2467 906,2455 862,2457 847,2470 829,2455 808,2465 770,2449 701,2460 665,2444 634,2465 604,2449 576,2465 535,2460 522,2470 501,2460 453,2465 427,2452 407,2465 314,2467 276,2465 256,2449"/>
        <Baseline points="250,2434 286,2442 348,2442 552,2429 1008,2429 1072,2434 1113,2426 1218,2424 1249,2419 1712,2421 1738,2416 1794,2414 1886,2414 1914,2406 1978,2411 2007,2408 2140,2414"/>
        <TextEquiv>
          <Unicode>trois mois ; c’est pourquoi j’enregistre tous les symptômes de la</Unicode>
        </TextEquiv>
      </TextLine>

    
    
      <TextLine id="eSc_line_349980" >
        <Coords points="263,2531 268,2488 286,2501 312,2485 335,2498 363,2488 432,2501 448,2488 465,2498 519,2470 555,2498 581,2496 604,2508 619,2496 642,2498 680,2467 734,2472 762,2490 796,2465 832,2493 878,2460 893,2472 939,2475 967,2462 1047,2490 1159,2465 1190,2488 1228,2488 1264,2467 1300,2488 1354,2485 1369,2472 1395,2485 1464,2488 1487,2470 1536,2480 1559,2498 1587,2475 1843,2467 1881,2478 1932,2475 1963,2460 1981,2472 2024,2475 2040,2462 2053,2470 2114,2457 2196,2493 2204,2511 2147,2539 2114,2534 2091,2544 2065,2534 2040,2554 1989,2531 1950,2554 1937,2544 1917,2554 1876,2529 1843,2549 1817,2539 1776,2539 1756,2552 1646,2542 1623,2560 1569,2534 1543,2549 1500,2552 1472,2536 1451,2547 1379,2547 1359,2562 1274,2539 1218,2557 1108,2547 1006,2549 983,2560 954,2536 906,2560 849,2554 832,2539 783,2560 760,2552 744,2565 650,2552 616,2565 593,2547 504,2560 483,2544 458,2560 268,2560"/>
        <Baseline points="266,2534 593,2534 844,2521 1315,2524 1408,2516 1507,2516 1571,2511 2206,2513"/>
        <TextEquiv>
          <Unicode>révolte des esprits aux Etats-Unis contre la sauvagerie scientifi-</Unicode>
        </TextEquiv>
      </TextLine>

    
    
      <TextLine id="eSc_line_349977" >
        <Coords points="268,2631 273,2598 296,2588 376,2598 399,2588 460,2603 547,2577 570,2593 616,2593 632,2580 647,2590 711,2590 757,2567 785,2567 819,2588 857,2557 898,2565 924,2585 972,2565 1008,2583 1031,2565 1070,2580 1093,2565 1113,2577 1131,2565 1146,2575 1187,2567 1200,2577 1249,2577 1272,2562 1326,2585 1349,2570 1364,2580 1474,2570 1497,2588 1515,2575 1625,2562 1676,2570 1689,2560 1733,2565 1758,2585 1789,2562 1843,2580 1955,2565 1989,2575 2030,2554 2063,2570 2173,2575 2193,2565 2216,2583 2224,2608 2204,2636 2183,2634 2135,2659 2119,2649 2088,2670 2045,2667 2014,2644 1976,2649 1955,2664 1930,2647 1873,2654 1845,2639 1797,2654 1766,2634 1720,2662 1684,2644 1617,2654 1587,2644 1561,2657 1492,2634 1415,2667 1372,2634 1282,2649 1192,2647 1157,2667 1105,2647 1059,2647 1044,2659 1000,2649 985,2659 936,2644 890,2657 867,2639 842,2657 796,2662 757,2641 737,2654 634,2647 591,2664 547,2654 486,2662 450,2649 273,2659"/>
        <Baseline points="268,2631 332,2629 358,2621 389,2626 806,2626 1159,2613 1594,2616 1856,2606 2224,2608"/>
        <TextEquiv>
          <Unicode>que de la guerre qui nous est faite; c&#39;est pourquoi je suis heureux</Unicode>
        </TextEquiv>
      </TextLine>

    
    
      <TextLine id="eSc_line_349981" >
        <Coords points="94,2823 97,2775 128,2800 168,2772 192,2792 209,2792 232,2769 317,2775 332,2787 401,2787 435,2775 465,2785 486,2769 524,2769 558,2785 576,2772 611,2772 622,2782 657,2772 727,2782 834,2772 860,2795 883,2772 1008,2772 1029,2749 1049,2749 1075,2775 1090,2759 1118,2764 1154,2744 1195,2764 1218,2764 1231,2752 1272,2782 1282,2777 1290,2813 1256,2833 1218,2839 1088,2836 1067,2818 1031,2844 885,2841 865,2828 849,2844 803,2849 747,2836 721,2849 545,2849 535,2839 509,2849 486,2831 468,2849 419,2851 399,2831 376,2854 332,2859 312,2846 240,2856 151,2856 138,2844 107,2859 97,2851"/>
        <Baseline points="97,2826 1162,2810 1291,2815"/>
        <TextEquiv>
          <Unicode>à Monsieur le Président N. Murray BUTLER</Unicode>
        </TextEquiv>
      </TextLine>

    
    </TextRegion>
    
  </Page>
</PcGts>
