2304 3072
839 43 1018 153 - 7 -
243 151 1126 322 la coalition anti-allemande.
570 312 2122 435 En deux mots, la guerre actuelle, - si atroce qu'elle
263 391 2106 535 ait été déjà et qu’elle puisse être encore, - n’aura été qu’un
268 506 2045 632 commencement, le début de guerres continuelles où le nouveau
271 606 2135 734 monde finira par être entrainé, si nous ne laisons pas à l'Al-
273 706 2053 821 lemagne vaincue, mais vivante quand même, des raisons et des
284 814 2152 926 moyens de vivre ; on peut vaincre, exterminer des armées,on n’ex-
281 908 1994 1029 termine pas un peuple de 70 millions d’habitants. Il faudra
273 1003 2065 1121 donc faire à l’Allemagne une place qui lui permette d’exercer
294 1108 2050 1218 son activité féconde dans les luttes de la concurence univer-
286 1205 1896 1313 selle. Si nous cédons à la tentation d’en finir avec la
284 1308 2145 1418 concurrence allemande, nous n’en finirons ni avec la concurrence
289 1408 2096 1518 ni avec la guerre. Je n'ai cessé de dire cela depuis des années
286 1489 2048 1602 à nos amis anglais, grisés par les théories de Chamberlin. Je
294 1597 2055 1699 vois sans surprise mais avec peine les journaux bien pensants
304 1687 2078 1797 de Londres et de Paris faire miroiter devant les yeux de leurs
294 1779 1986 1886 lecteurs cette idée absurde que la guerre tuera le commerce
284 1873 2096 1984 extérieur allemand, tandis que la production nationale anglaise
296 1971 1989 2076 et française s’enrichira sans rivale et par conséquent sans
296 2060 499 2163 effort.
576 2145 2017 2257 La place doit être faite à l'Allemagne, de Berlin à
294 2245 2048 2347 Vienne, dans l’organisation d’une confédération générale Euro-
296 2339 2030 2447 péenne qui donnerait pleine satisfaction à l'Italie à Trieste,
284 2429 1930 2536 installerait le Gouvernement Turc en Asie, reconstituerait
299 2526 2030 2636 l'accord des Etats chrétiens Balkaniques, donnerait à la Polo-
304 2613 2001 2721 gne, au Danemark, à la Finlande même, si possible, comme à la
299 2708 1999 2810 Hongrie, à la Roumanie et, bien entendu, à l’Alsace-Lorraine,
296 2792 2032 2923 la libre disposition de leurs destinées. Ainsi se trouveraient
