2304 3072
199 128 550 268 COPIE
1144 138 2058 266 Weardale Manor, August 13, 1914
998 519 1346 632 Mon cher ami,
698 716 2135 829 Je n'ai pas répondu à votre lettre si intéressante
404 814 2104 934 du 3 Août parce que j’espérais pouvoir vous dire des choses
430 919 2132 1018 plus consolantes que je ne suis en état de vous communiquer.
412 1013 2114 1123 M. Lange a quitté Bruxelles et va transférer, pour le moment
417 1108 2083 1208 le Centre de l'Union dans un pays neutre, à Christiania, où
414 1200 2045 1303 il est d’abord auprè s de sa famille, et en correspondance
432 1295 2129 1402 avec tous les pays, ce qui, en ce moment, est fort difficile
419 1392 2022 1489 car même la Hollande qui, pour un instant, nous semblait
412 1484 2206 1597 peut être mieux placée que la Norvège, est menacée d’une incur-
430 1579 2032 1687 sion allemande. M. Lange a quitté Bruxelles lundi soir et
409 1674 2088 1781 vient de partir de chez nous pour prendre le bateau de New-
419 1781 883 1886 castle à Bergen.
693 1858 2155 1973 Il nous dit que l'attitude des Belges est admirable
430 1945 2032 2071 Bruxelles tout à fait tranquille, et tout le monde décidé
424 2040 2004 2168 à résister jusqu’au dernier homme. Je puis dire la même
435 2145 2012 2260 chose de chez nous, où tout marche silencieusement, sans
427 2227 2178 2357 la moindre panique, mais avec la même résolulion absolue dans
437 2339 888 2447 tous les coeurs.
186 2472 1169 2593 Monsieur d’Estournelles de Constant
