2304 3072
855 38 1003 192 - 5 -
263 238 2176 378 plus d'amis et d’alliés que sa politique, devenue juste l’opposé
289 317 2112 460 de la politique allemande, s'est inspirée ouvertement de notre
286 417 2124 565 propagande de conciliation. C'est ce que proclament autour de
291 535 2135 655 moi les hommes que n’aveugle pas la passion,-- et ils sont nom-
299 627 2124 752 breux --; j’entends dire souvent et on dira de plus en plus,:"
320 727 2142 852 "Nous nous sommes créé autant d'amis que l’Allemagne s’est fait
286 824 2170 949 d'ennemis ; c’est le résultat de notre politique pacifique. Nous
307 919 2165 1047 récoltons ce que nous avons semé." En dehors de nos adversaires
309 1021 2206 1144 habituels et irréductibles et de leurs journaux éternellement les
307 1118 2196 1249 mêmes dans tous les pays, tous tiennent le même langage, et mieux
304 1213 2168 1338 encore, tous ne font plus qu’un: intellectuels, ouvriers, riches
309 1313 2176 1431 et pauvres, réactionnaires, socialistes et pacifistes, tous sont
304 1413 2071 1556 partis d'un même coeur pour la défense du droit et de la paix
573 1515 2053 1625 Mais je ne veux pas anticiper sur la lettre que je
296 1600 2163 1725 dois vous écrire ; j’ai voulu pour aujourd'hui, que vous sachiez
286 1699 1825 1825 que nous pensons moins à nos souffrances qu'à nos de-
299 1794 2101 1914 voirs. Dans ma prochaine lettre j’envisagerai, avec les origi-
302 1896 2124 2017 nes de la guerre, l’avenir qui va s’ouvrir pour notre concilia-
286 1994 2083 2112 tion. C’est une organisation nouvelle qui surgira de l’ancien-
304 2086 2050 2222 ne; nous avons dès maintenant à l’envisager et à la préparer,
296 2204 650 2314 vous et moi.
581 2265 2155 2398 Combien j’ai regretté de ne pas pouvoir arriver à vous
307 2396 1989 2498 voir avant votre départ pour les Etats-Unis ; je suis encore
296 2483 2173 2608 heureux que vous avez pu partir, car, au milieu des jours terri-
307 2588 2071 2698 bles que va traverser l’Europe, et qui sont à peine commencée
296 2680 2106 2792 je pense aux immenses services que vous êtes appelé, maintenant
276 2777 2129 2913 plus que jamais, à rendre dans le nouveau monde et au rôle pro-
