2304 3072
931 48 1907 192 Lettre N° 4 ( 11 Septembre 1914 )
780 299 1216 432 FERMETÉ d'AME
363 578 2142 744 L'Entente cordiale. - Le passage d'Anglais à Clermont-Créans.
366 691 2135 834 La thèse de la conciliation démontrée par l'absurde.-. L'u-
368 796 2222 936 nion contre le militarisme allemand entre tous les Français et
358 888 2104 1029 tous les Alliés,-, Pour la patrie et pour la paix.-. Pas de
360 988 2137 1139 paix précaire.-. Le monde, y compris l'Allemagne, doit être
353 1090 1886 1236 affranchi de la domination du militarisme allemand.
