2304 3072
844 66 1021 153 - 2 -
320 194 1943 325 parce qu’il ne veulent pas les envoyer dans l'intérieur de
325 291 1978 414 leur pays, où les Russes viendront les délivrer et les armer
330 381 2063 514 de nouveau contre eux. Ces blessés reviennent, en effet, telle-
325 481 1904 596 ment indignés de la barbarie des Allemands que la plupart
320 573 1940 680 d’entre eux sont impatients de repartir au feu, d’aller dé-
327 668 1955 783 fendre ou venger leurs camarades. En dépit du succés actuel
325 757 2019 865 des armées allemandes, je ne vois pas trace, heureusement, de
314 852 2042 960 découragement dans les nôtres ; au contraire, chacun se dit que
314 944 1971 1049 l’invasion est un crime qui ne peut pas triompher et qui ne
327 1041 2030 1141 triomphera pas ; chacun est prêt à tout donner et donnera tout
332 1131 2040 1236 pour les repousser. J’en suis réduit a souhaiter que le carna-
320 1221 2030 1331 ge continue indéfiniment plûtot que de voir mon pays et la ci-
320 1313 1999 1415 vilisation subir la domination prussienne. C’est vraiment la
317 1405 2076 1507 paix que nous défendons. Mais, d’autre part, les Allemands avan
314 1489 2063 1602 çant de combat en combat, de massacre en massacre, d’incendie/en
330 1589 2096 1694 incendie, ne peuvent plus reculer ; il leur faut avancer toujours
327 1681 1907 1799 ou disparaitre ; déjà leurs pertes sont énormes ; c’est une
327 1779 972 1881 guerre d’extermination.
593 1861 1978 1976 Le Pire, je l'ai toujours dit, - mais c’est bien
314 1958 1948 2071 pis que je ne le pensais -- le pire est que chacun des com-
322 2030 1981 2155 battants, pour la plupart incapables de méchanceté en temps
320 2132 2037 2247 ordinaire, est maintenant voué à l’œuvre horrible de la haine
330 2224 1968 2332 et des représailles ; et bien plus que les combattants leurs
330 2311 2037 2426 enfants, leurs orphelins, tous ceux qui vont maintenant rester
327 2398 2119 2519 en deuil. Comment attendre, par exemple, de ma sœur, qui vit ici
325 2490 1999 2613 avec ses petits enfants, et qui est la douceur et l’humanité
322 2575 2009 2708 même, qu’elle leur interdise de souhaiter la mort de l'ennemi
337 2680 1958 2803 qui menace leur père et, si leur père est tué, de consacrer
