2304 3072
855 104 1029 212 - 2 -
225 263 1999 391 pourtant où ce peuple, apprenant qu’il a été trompé, pourra,
238 363 1989 478 comme l'a fait le peuple Français après Sedan, répudier son
232 465 2014 606 Gouvernement. En attendant, les armées allemandes s’arrêtent
232 568 2014 706 dans leur retraite pour former un bloc nouveau de résistance
238 645 2050 778 mais à quoi bon ? Ce bloc s'épuisera comme le reste et finira
232 742 2055 878 comme le reste de l’armée allemande, par être obligé de rétro-
215 844 1986 977 grader et de retraverser en désordre le pays qu’il a désolé
232 944 2055 1075 et dont les ruines se dresseront pour l’écraser à son passage.
537 1036 1955 1177 En attendant, les armées anglaises continuent de
217 1136 1920 1269 débarquer dans nos ports et d’aller rejoindre, par Rouen,
235 1244 2032 1364 par Nantes, par le Mans, les armées françaises renouvelées et
225 1344 1930 1461 pleines d’entrain. Instruites par leurs chevaleresques im
235 1443 1989 1559 prudences du début, nos troupes ne vont plus s’exposer à la
222 1569 2122 1656 légère. Incroyable effet de l'éducation générale d’un pays ; tout
225 1640 2042 1776 le monde comprend aujourd'hui en France que ce mot victoire a
232 1745 2081 1858 changé de sens, et que, dans ces combats qui se poursuivent en-
222 1840 2007 1953 tre des millions d’hommes sur des centaines de kilomètres de
215 1937 2007 2055 front pendant des jours et des semaines, les actions d!éclat
212 2037 2037 2155 ne suffisent pas, il faut durer. Tout le monde comprend qu'il
225 2142 2012 2252 nous est plus facile, à nous, de durer chez nous qu’à l’enva-
225 2247 2060 2355 hisseur ; plus facile de nous ravitailler avec les trois quarts
212 2339 1971 2452 du pays fertile derri ère nous qu’aux Allemands dans un pays
220 2444 2009 2562 déserté privé de communications ; tout le monde comprend, en
212 2544 1966 2672 un mot, que l’envahisseur est plus embarrassé que l’envahi,
217 2641 1981 2749 plus fatigué, plus exposé, plus épuisé ; et dès lors tout le
217 2736 1996 2851 monde prend all ègrement patience. La vraie victoire est tou-
232 2839 2017 2944 jours pour nous sans doute une question d’héroïsme et d'orga-
