<?xml version="1.0" encoding="UTF-8"  standalone="yes"?>
<PcGts xmlns="http://schema.primaresearch.org/PAGE/gts/pagecontent/2019-07-15" xmlns:xsi="http://www.w3.org/2001/XMLSchema-instance" xsi:schemaLocation="http://schema.primaresearch.org/PAGE/gts/pagecontent/2019-07-15 http://schema.primaresearch.org/PAGE/gts/pagecontent/2019-07-15/pagecontent.xsd">
  <Metadata>
	<Creator>escriptorium</Creator>
	<Created>2021-03-18T09:57:19.021218+00:00</Created>
    <LastChange>2021-03-18T09:57:19.021240+00:00</LastChange>
  </Metadata>
  <Page imageFilename="P1110447.JPG" imageWidth="2304" imageHeight="3072">

    

    
    <TextRegion id="eSc_dummyblock_">
    
    
      <TextLine id="eSc_line_349714" >
        <Coords points="811,130 816,107 862,115 883,94 903,92 929,112 962,99 993,135 972,156 942,158 931,148 916,163 865,145 839,171 814,153"/>
        <Baseline points="811,130 993,135"/>
        <TextEquiv>
          <Unicode>- 2 -</Unicode>
        </TextEquiv>
      </TextLine>

    
    
      <TextLine id="eSc_line_349715" >
        <Coords points="76,294 87,250 104,258 156,243 227,268 273,243 296,253 314,240 368,256 401,240 435,243 468,263 527,240 599,248 619,261 650,245 778,253 801,238 824,250 857,238 870,248 901,243 916,256 942,248 975,258 1072,230 1116,248 1172,238 1213,250 1269,248 1285,261 1336,227 1390,250 1425,227 1446,243 1505,253 1538,240 1556,248 1602,238 1658,250 1684,240 1733,263 1766,240 1822,261 1845,243 1912,232 1953,250 1999,230 2032,250 2040,291 2032,322 2001,340 1986,330 1971,343 1937,340 1917,325 1845,345 1820,325 1786,348 1733,337 1702,360 1658,340 1638,353 1600,343 1579,350 1566,340 1546,348 1533,337 1510,353 1474,340 1413,350 1374,322 1328,345 1187,350 1152,345 1128,327 1075,353 1018,350 977,320 890,322 878,312 852,330 814,312 744,325 714,302 696,317 652,325 619,299 568,325 550,312 488,325 463,304 404,327 378,314 258,320 230,307 215,320 174,320 140,307 112,330 102,322 81,335"/>
        <Baseline points="76,294 176,289 2040,291"/>
        <TextEquiv>
          <Unicode>qu’un article plus qu’inefficace du plan d’intimidation de l’armée</Unicode>
        </TextEquiv>
      </TextLine>

    
    
      <TextLine id="eSc_line_349716" >
        <Coords points="69,389 76,355 156,363 299,350 358,355 376,371 401,350 445,350 468,368 488,353 517,353 532,366 563,350 596,368 611,355 663,350 686,368 706,353 793,348 844,353 867,371 893,353 934,353 957,366 1000,345 1039,345 1062,355 1118,353 1134,366 1149,353 1203,353 1226,366 1244,350 1349,350 1374,368 1402,353 1469,350 1500,371 1548,348 1587,368 1656,345 1704,366 1735,343 1794,366 1812,353 1861,348 1889,366 1907,350 1976,343 2019,353 2027,386 2012,437 1966,440 1948,424 1868,453 1835,453 1809,435 1794,442 1768,424 1722,448 1692,445 1674,430 1646,445 1546,445 1528,458 1497,432 1466,455 1441,445 1249,450 1203,414 1090,422 1044,404 990,424 954,396 931,414 875,407 842,427 826,414 765,412 742,422 724,412 709,424 686,407 650,419 599,399 558,422 529,399 496,424 412,424 381,401 353,422 176,417 94,430 74,419"/>
        <Baseline points="69,389 1996,394 2027,386"/>
        <TextEquiv>
          <Unicode>allemande ; il y a en outre ce qu&#39;on ne voit pas et que je me suis</Unicode>
        </TextEquiv>
      </TextLine>

    
    
      <TextLine id="eSc_line_349718" >
        <Coords points="58,488 64,463 79,453 117,463 171,453 202,473 227,458 348,450 368,460 491,450 517,465 550,442 591,473 645,453 783,455 803,468 821,455 931,460 949,448 1024,450 1041,463 1062,448 1292,448 1346,460 1372,450 1515,460 1551,448 1643,448 1733,463 1799,448 1827,463 2022,453 2040,465 2065,448 2078,455 2101,445 2114,455 2163,455 2183,486 2168,509 2094,542 2058,542 2009,514 1966,545 1940,545 1909,522 1856,555 1835,542 1792,545 1763,527 1738,545 1512,552 1484,542 1405,558 1338,509 1287,545 1249,547 1221,529 1157,558 1100,547 1054,514 949,519 924,501 839,532 793,514 734,524 660,517 637,529 596,504 565,524 527,501 471,522 427,517 381,529 363,517 343,532 309,522 256,527 204,504 176,522 66,522"/>
        <Baseline points="58,488 125,496 581,494 2124,496 2183,486"/>
        <TextEquiv>
          <Unicode>fait expliquer à Senlis par des habitants respectables et ce que con-</Unicode>
        </TextEquiv>
      </TextLine>

    
    
      <TextLine id="eSc_line_349719" >
        <Coords points="56,588 61,563 79,550 128,560 266,552 289,568 384,552 409,570 430,555 540,555 565,565 578,555 660,552 686,570 714,550 808,565 860,550 939,558 949,547 1047,552 1075,568 1111,547 1162,568 1182,552 1210,558 1228,545 1277,558 1310,547 1328,558 1384,555 1405,568 1466,550 1515,570 1546,552 1612,547 1633,560 1799,552 1838,581 1876,552 1943,568 1963,552 2019,552 2040,537 2127,570 2135,586 2124,645 2094,645 2048,614 1986,655 1935,655 1920,645 1899,655 1861,642 1843,652 1812,645 1789,657 1761,647 1704,652 1676,632 1633,657 1589,632 1553,652 1489,650 1461,632 1423,660 1408,650 1341,657 1313,655 1264,619 1195,622 1146,609 1105,622 1080,604 1029,634 998,611 880,632 826,619 803,601 773,624 757,614 729,624 680,601 637,634 560,606 514,632 491,616 427,629 404,611 343,627 294,604 276,616 158,616 140,629 128,619 61,616"/>
        <Baseline points="58,591 148,599 560,596 627,599 870,591 1267,591 1402,593 2137,588"/>
        <TextEquiv>
          <Unicode>firment mot pour mot des milliers de témoins et, notamment, ma nièce,</Unicode>
        </TextEquiv>
      </TextLine>

    
    
      <TextLine id="eSc_line_349720" >
        <Coords points="53,691 69,652 168,670 192,655 235,652 394,657 414,670 437,655 501,668 522,652 632,652 673,680 719,650 898,660 929,652 960,670 988,652 1024,655 1039,668 1062,652 1134,660 1169,640 1195,657 1315,655 1346,673 1372,655 1410,655 1433,673 1464,652 1523,668 1564,652 1704,665 1735,647 1789,665 1817,647 1894,657 1989,657 2009,647 2050,655 2071,693 2060,747 2004,744 1973,724 1935,750 1884,729 1845,755 1774,714 1710,750 1638,757 1594,744 1553,755 1523,747 1487,719 1379,721 1346,698 1259,752 1154,757 1105,727 1070,750 1006,752 985,765 931,727 896,734 875,719 857,727 814,716 760,734 686,701 650,729 611,714 563,724 501,704 448,727 422,706 384,727 368,716 307,716 294,727 245,714 199,724 168,701 143,719 94,719 81,729 58,716"/>
        <Baseline points="53,691 168,696 568,688 1090,688 1945,688 2071,693"/>
        <TextEquiv>
          <Unicode>Mme Petiton et Mard arrivant de Lunéville et de Vitry-le-François,</Unicode>
        </TextEquiv>
      </TextLine>

    
    
      <TextLine id="eSc_line_349721" >
        <Coords points="64,796 69,757 168,773 189,757 335,762 360,744 412,775 442,757 481,757 501,773 519,760 606,760 627,773 688,747 775,760 824,757 844,744 898,773 919,755 965,757 985,770 1006,752 1062,755 1080,742 1116,757 1182,755 1210,780 1249,750 1346,750 1374,768 1395,750 1446,755 1464,768 1489,750 1597,750 1623,752 1648,773 1671,755 1722,757 1743,747 1809,757 1840,793 1832,847 1817,855 1781,855 1758,834 1738,852 1707,855 1666,819 1620,821 1592,844 1525,857 1489,847 1418,857 1382,834 1356,849 1285,849 1269,837 1251,849 1162,849 1093,816 1018,821 988,796 947,821 916,819 896,801 870,819 819,819 793,839 747,819 686,826 673,816 655,832 627,806 593,832 578,819 522,819 504,803 478,824 432,819 414,803 376,834 309,819 199,824 174,803 148,821 69,821"/>
        <Baseline points="64,796 161,796 192,791 1840,793"/>
        <TextEquiv>
          <Unicode>mes blessés et mes réfugiés de Créans, tout le monde enfin.</Unicode>
        </TextEquiv>
      </TextLine>

    
    
      <TextLine id="eSc_line_349722" >
        <Coords points="197,908 202,872 230,852 261,855 286,872 330,857 355,872 376,860 412,870 430,855 512,857 535,872 560,852 616,862 668,857 686,844 760,857 806,852 847,878 885,849 970,855 983,865 1003,849 1382,852 1420,880 1456,849 1505,855 1520,867 1589,847 1692,862 1745,857 1761,870 1792,852 1838,849 1884,870 1902,855 1960,860 1981,849 2014,867 2022,893 2014,947 1984,954 1948,924 1912,952 1886,942 1830,954 1717,954 1704,944 1658,954 1623,924 1589,949 1556,929 1528,947 1502,926 1474,952 1415,944 1354,954 1297,913 1267,919 1226,952 1105,949 1062,913 1013,921 985,898 885,954 855,952 814,916 788,913 724,934 704,916 642,916 624,929 611,919 563,924 537,901 460,934 414,903 386,921 350,903 317,931 289,911 268,926 232,926 207,908"/>
        <Baseline points="197,908 256,896 284,893 2022,893"/>
        <TextEquiv>
          <Unicode>Il y a les incendies, les bombardements, le pillage des mai-</Unicode>
        </TextEquiv>
      </TextLine>

    
    
      <TextLine id="eSc_line_349723" >
        <Coords points="64,988 76,960 184,962 204,975 225,960 263,954 294,975 322,952 412,970 430,957 642,962 655,952 691,957 729,983 760,960 819,962 832,952 893,970 924,952 960,954 983,972 1003,957 1049,970 1088,960 1105,970 1128,954 1159,954 1198,975 1218,957 1331,954 1377,965 1392,949 1500,965 1525,949 1571,960 1804,954 1827,970 1884,949 1912,962 1930,949 2007,949 2024,954 2032,985 2024,1041 1996,1059 1968,1039 1955,1049 1907,1039 1861,1057 1809,1039 1792,1052 1699,1036 1607,1062 1561,1029 1505,1052 1469,1029 1431,1052 1367,1057 1313,1054 1282,1039 1251,1057 1144,1049 1111,1062 1098,1052 990,1054 967,1041 908,1059 849,1018 773,1029 744,1006 714,1026 696,1016 665,1029 642,1016 604,1036 576,1031 540,1059 488,1059 412,1006 348,1039 294,1006 268,1024 207,1003 161,1024 69,1021"/>
        <Baseline points="64,990 122,998 1241,995 1820,998 2034,986"/>
        <TextEquiv>
          <Unicode>sons et des monuments, mais il y a en outre les fusillades et les</Unicode>
        </TextEquiv>
      </TextLine>

    
    
      <TextLine id="eSc_line_349724" >
        <Coords points="76,1095 79,1062 102,1067 115,1054 125,1064 348,1054 409,1072 435,1057 535,1067 816,1059 849,1082 880,1052 908,1062 954,1052 1059,1054 1103,1075 1139,1049 1300,1054 1333,1082 1374,1052 1525,1049 1538,1059 1569,1057 1589,1093 1582,1144 1525,1144 1489,1157 1454,1141 1433,1152 1405,1134 1379,1152 1318,1152 1277,1113 1233,1149 1200,1123 1169,1154 1152,1154 1095,1111 1070,1126 1029,1111 1016,1123 967,1116 929,1131 916,1118 893,1128 862,1103 837,1128 816,1126 775,1164 762,1152 704,1157 668,1121 606,1118 596,1128 583,1116 558,1131 527,1108 473,1128 455,1121 442,1134 412,1105 394,1123 335,1116 289,1134 248,1118 222,1134 194,1118 79,1128"/>
        <Baseline points="76,1095 573,1100 704,1095 755,1088 1528,1088 1589,1093"/>
        <TextEquiv>
          <Unicode>assassinats des personnes, hommes, femmes, enfants.</Unicode>
        </TextEquiv>
      </TextLine>

    
    
      <TextLine id="eSc_line_349725" >
        <Coords points="209,1195 215,1152 273,1159 289,1172 309,1159 386,1154 407,1175 468,1152 547,1164 629,1154 652,1175 673,1154 752,1157 773,1169 801,1149 847,1159 1049,1154 1075,1175 1098,1152 1169,1164 1192,1149 1256,1152 1285,1169 1297,1157 1338,1152 1400,1149 1448,1162 1523,1154 1566,1175 1574,1190 1566,1221 1553,1218 1520,1251 1469,1241 1451,1223 1379,1218 1351,1246 1244,1254 1223,1249 1164,1195 1116,1233 1075,1195 1054,1216 1029,1213 1016,1226 970,1216 936,1231 913,1216 847,1216 816,1233 775,1198 724,1233 701,1216 683,1226 652,1203 583,1241 555,1216 519,1216 509,1226 476,1205 435,1221 412,1200 384,1226 371,1216 343,1223 294,1203 258,1228 212,1210"/>
        <Baseline points="209,1195 307,1203 386,1198 476,1198 535,1190 1574,1190"/>
        <TextEquiv>
          <Unicode>Un mot d&#39;abord des incendies et des pillages.</Unicode>
        </TextEquiv>
      </TextLine>

    
    
      <TextLine id="eSc_line_350122" >
        <Coords points="256,1244 296,1210 332,1216 368,1244 363,1262 335,1269 317,1251 286,1274 261,1251"/>
        <Baseline points="257,1245 369,1245"/>
        <TextEquiv>
          <Unicode>n&#39;</Unicode>
        </TextEquiv>
      </TextLine>

    
    
      <TextLine id="eSc_line_349726" >
        <Coords points="197,1295 222,1256 253,1254 286,1272 307,1259 322,1269 384,1254 407,1269 435,1254 494,1262 545,1249 606,1259 624,1274 647,1254 680,1249 701,1259 839,1256 862,1272 888,1254 908,1259 931,1239 954,1256 980,1246 998,1259 1162,1251 1190,1267 1218,1254 1326,1254 1351,1267 1410,1251 1454,1256 1477,1244 1507,1256 1651,1254 1679,1274 1722,1241 1763,1272 1786,1251 1917,1249 1958,1259 1966,1295 1955,1315 1932,1315 1876,1351 1815,1349 1763,1305 1704,1349 1658,1331 1628,1351 1589,1318 1561,1328 1546,1318 1510,1349 1446,1349 1413,1320 1392,1336 1346,1297 1320,1318 1277,1315 1239,1349 1190,1346 1177,1356 1136,1354 1085,1320 1039,1341 1008,1315 906,1313 890,1323 867,1303 832,1331 796,1318 714,1323 686,1305 650,1320 629,1305 593,1336 519,1315 445,1331 414,1303 337,1341 309,1320 291,1336 279,1323 258,1333 202,1310"/>
        <Baseline points="199,1297 378,1297 494,1292 1090,1292 1937,1292 1968,1297"/>
        <TextEquiv>
          <Unicode>Il est besoin d’aucun témoignage pour comprendre, à Senlis</Unicode>
        </TextEquiv>
      </TextLine>

    
    
      <TextLine id="eSc_line_349727" >
        <Coords points="43,1390 69,1361 184,1372 355,1359 437,1384 471,1359 652,1354 678,1369 701,1354 783,1361 875,1344 957,1367 983,1351 1006,1369 1047,1344 1088,1356 1113,1344 1139,1359 1192,1349 1269,1356 1297,1344 1361,1369 1395,1349 1433,1354 1461,1341 1507,1354 1538,1344 1589,1372 1643,1346 1666,1356 1922,1351 1940,1364 1958,1351 2001,1356 2017,1346 2117,1359 2160,1338 2170,1341 2181,1390 2173,1441 2147,1459 2104,1441 2050,1454 2004,1441 1973,1456 1891,1436 1858,1456 1830,1448 1809,1461 1774,1441 1697,1456 1676,1443 1638,1456 1610,1443 1566,1454 1528,1443 1497,1461 1459,1448 1433,1461 1392,1448 1356,1466 1313,1451 1295,1461 1223,1451 1177,1461 1141,1451 1024,1456 995,1438 934,1461 842,1461 814,1479 762,1454 604,1472 527,1431 491,1441 445,1408 399,1441 373,1423 307,1438 281,1420 192,1423 174,1410 143,1433 92,1438 69,1456 51,1451"/>
        <Baseline points="43,1390 97,1408 204,1395 1850,1397 1999,1390 2058,1400 2181,1390"/>
        <TextEquiv>
          <Unicode>par exemple, comment la ville a été pillée, brûlée, maison par maison€s€</Unicode>
        </TextEquiv>
      </TextLine>

    
    
      <TextLine id="eSc_line_349717" >
        <Coords points="76,1500 79,1461 117,1461 138,1482 166,1454 207,1469 248,1466 263,1479 286,1461 412,1459 427,1464 435,1492 430,1538 322,1536 289,1543 268,1564 243,1561 225,1543 81,1543"/>
        <Baseline points="76,1500 286,1500 360,1492 435,1492"/>
        <TextEquiv>
          <Unicode>et par ordre</Unicode>
        </TextEquiv>
      </TextLine>

    
    
      <TextLine id="eSc_line_349728" >
        <Coords points="215,1589 220,1559 330,1564 350,1576 378,1559 435,1574 471,1559 601,1556 632,1559 650,1574 673,1559 757,1559 780,1569 796,1556 849,1559 867,1543 954,1569 1024,1546 1047,1561 1113,1561 1149,1546 1182,1561 1267,1559 1303,1582 1336,1553 1364,1564 1523,1564 1569,1551 1594,1553 1615,1571 1643,1548 1745,1551 1763,1561 1789,1543 1835,1543 1894,1556 1958,1536 1999,1553 2032,1553 2050,1541 2106,1566 2114,1589 2106,1615 2088,1625 2050,1612 1963,1617 1937,1607 1891,1643 1825,1648 1761,1610 1745,1623 1656,1615 1605,1656 1548,1648 1533,1658 1454,1643 1390,1658 1351,1640 1331,1658 1295,1658 1267,1635 1241,1656 1126,1648 1111,1658 1021,1658 954,1605 934,1623 898,1630 865,1602 834,1623 821,1615 806,1625 773,1602 727,1633 706,1617 673,1623 655,1607 614,1633 591,1623 527,1630 514,1620 468,1635 435,1612 399,1635 378,1630 363,1640 320,1623 266,1635 248,1623 220,1625"/>
        <Baseline points="217,1592 404,1597 430,1602 455,1597 540,1594 849,1594 903,1589 2116,1592"/>
        <TextEquiv>
          <Unicode>Dans la grande que de la République, longue de deux kilom ètres,</Unicode>
        </TextEquiv>
      </TextLine>

    
    
      <TextLine id="eSc_line_349729" >
        <Coords points="64,1707 69,1669 87,1661 102,1671 168,1666 199,1676 217,1666 273,1671 291,1658 414,1664 442,1679 463,1664 555,1658 663,1671 778,1658 803,1671 824,1658 939,1661 965,1646 1044,1671 1070,1653 1128,1651 1149,1661 1231,1653 1280,1671 1349,1646 1387,1658 1438,1653 1459,1666 1489,1653 1635,1656 1653,1666 1674,1651 1720,1656 1733,1646 1751,1656 1807,1646 1871,1658 1891,1646 1904,1656 1943,1646 2007,1656 2088,1646 2114,1664 2122,1687 2114,1748 2099,1738 2024,1735 2007,1748 1976,1745 1927,1712 1896,1712 1848,1748 1812,1745 1740,1702 1661,1753 1525,1743 1510,1756 1472,1730 1443,1751 1415,1753 1351,1707 1308,1722 1282,1704 1254,1725 1210,1728 1182,1715 1111,1720 1093,1733 1041,1704 1013,1722 926,1722 890,1743 852,1715 837,1725 806,1707 770,1733 747,1722 691,1733 655,1712 629,1728 588,1722 565,1740 517,1720 460,1722 445,1710 417,1725 353,1733 276,1725 243,1743 207,1717 179,1735 145,1728 128,1740 71,1728"/>
        <Baseline points="64,1707 99,1702 163,1704 248,1697 304,1699 419,1692 2083,1694 2122,1687"/>
        <TextEquiv>
          <Unicode>deux maisons seules sont restées debout ; l&#39;une parce qu’elle servait</Unicode>
        </TextEquiv>
      </TextLine>

    
    
      <TextLine id="eSc_line_349730" >
        <Coords points="79,1802 87,1758 148,1784 171,1768 317,1761 412,1766 424,1776 476,1753 519,1766 542,1748 581,1768 611,1758 642,1768 670,1748 706,1776 724,1761 762,1756 852,1766 896,1758 924,1774 942,1758 998,1763 1013,1751 1103,1768 1162,1753 1346,1753 1392,1781 1425,1753 1512,1758 1538,1745 1625,1756 1651,1774 1692,1748 1766,1753 1792,1740 1840,1753 1881,1748 1907,1768 1940,1745 1971,1751 2001,1786 1984,1815 1917,1809 1871,1822 1858,1812 1812,1812 1763,1830 1733,1815 1681,1815 1648,1827 1623,1817 1551,1820 1528,1832 1466,1809 1425,1822 1402,1804 1374,1827 1313,1832 1300,1822 1128,1822 1103,1802 1067,1830 1044,1832 990,1822 960,1832 921,1809 880,1835 839,1838 778,1812 755,1827 716,1812 693,1830 652,1815 601,1840 555,1822 435,1838 419,1825 335,1832 273,1820 256,1835 207,1827 181,1843 145,1817 115,1840 84,1832"/>
        <Baseline points="79,1802 184,1799 217,1794 1582,1797 1610,1792 1730,1786 2001,1786"/>
        <TextEquiv>
          <Unicode>de quartier général à l&#39;Etat Major allemand, l&#39;autre, l&#39;hôtel du</Unicode>
        </TextEquiv>
      </TextLine>

    
    
      <TextLine id="eSc_line_349731" >
        <Coords points="51,1909 56,1876 84,1858 145,1868 212,1856 240,1876 266,1858 312,1866 335,1850 407,1884 460,1848 499,1876 535,1861 601,1863 624,1879 683,1858 747,1858 765,1868 801,1858 1062,1866 1198,1856 1223,1871 1244,1856 1384,1858 1402,1868 1420,1856 1489,1848 1502,1858 1551,1850 1605,1871 1679,1843 1740,1856 1766,1845 1825,1850 1845,1863 1871,1845 1950,1848 1971,1863 2001,1840 2019,1850 2042,1835 2063,1848 2158,1850 2178,1886 2142,1922 2073,1948 2037,1945 2007,1922 1953,1948 1932,1935 1876,1948 1804,1935 1776,1950 1712,1948 1623,1891 1538,1935 1512,1920 1482,1930 1464,1917 1413,1914 1303,1930 1285,1920 1264,1930 1236,1922 1144,1963 1082,1958 1041,1927 1016,1935 998,1922 954,1937 916,1935 878,1963 806,1960 785,1945 757,1963 711,1930 678,1925 660,1935 627,1909 550,1945 504,1912 481,1930 463,1922 435,1935 401,1922 358,1937 325,1927 307,1940 291,1930 279,1937 238,1912 209,1927 115,1932 58,1917"/>
        <Baseline points="53,1912 115,1899 176,1896 1169,1899 1318,1891 1410,1894 1438,1886 2179,1889"/>
        <TextEquiv>
          <Unicode>Grand Cerf, où les officiers prenaient leurs repas. Toutes les autres</Unicode>
        </TextEquiv>
      </TextLine>

    
    
      <TextLine id="eSc_line_349732" >
        <Coords points="74,1994 81,1966 128,1966 145,1953 176,1978 215,1950 250,1963 273,1948 304,1971 427,1963 455,1950 535,1978 558,1963 606,1960 624,1971 645,1955 688,1960 721,1948 757,1960 785,1948 883,1976 913,1953 1031,1958 1052,1945 1139,1971 1254,1953 1313,1971 1338,1953 1397,1960 1477,1945 1510,1958 1530,1943 1569,1968 1600,1945 1638,1966 1692,1943 1776,1953 1797,1937 1815,1950 1881,1958 1904,1945 1948,1953 2017,1940 2035,1950 2096,1950 2129,1930 2142,1984 2135,2032 2099,2042 2068,2024 2014,2042 1940,2042 1881,2009 1832,2019 1799,2009 1717,2050 1699,2037 1684,2042 1640,2009 1561,2058 1525,2045 1454,2058 1413,2045 1392,2055 1264,2055 1216,2019 1162,2022 1136,2001 1044,2063 1013,2050 970,2055 896,2004 796,2058 706,2019 652,2027 629,2009 604,2027 560,2024 535,2009 514,2024 483,2022 460,2040 440,2030 414,2042 371,2024 314,2040 286,2019 227,2032 181,2012 156,2030 133,2024 102,2037 79,2027"/>
        <Baseline points="76,1996 619,2001 760,1994 791,1989 1958,1991 1989,1986 2145,1986"/>
        <TextEquiv>
          <Unicode>ont été pillées et brûlées. Pillées comme l&#39;a été, à Villers-Cotteret</Unicode>
        </TextEquiv>
      </TextLine>

    
    
      <TextLine id="eSc_line_349735" >
        <Coords points="74,2094 81,2053 153,2078 230,2045 284,2068 368,2063 389,2078 419,2058 478,2073 506,2058 683,2068 811,2055 826,2065 875,2058 908,2083 954,2050 988,2060 1024,2055 1044,2071 1105,2050 1175,2055 1198,2071 1223,2053 1244,2063 1387,2058 1410,2042 1459,2078 1492,2053 1523,2048 1551,2068 1582,2048 1638,2065 1666,2048 1699,2050 1728,2065 1748,2050 1863,2050 1889,2032 1917,2053 2083,2045 2091,2076 2083,2124 2063,2137 2009,2142 1958,2104 1894,2112 1879,2099 1848,2122 1779,2117 1722,2150 1702,2147 1638,2099 1515,2155 1464,2145 1446,2152 1400,2124 1367,2150 1336,2155 1313,2155 1287,2137 1272,2150 1185,2150 1111,2104 1090,2119 1049,2106 1016,2132 988,2119 960,2132 924,2106 896,2129 852,2132 834,2145 803,2122 719,2132 686,2114 640,2137 616,2119 524,2132 481,2109 414,2127 389,2112 350,2142 330,2127 291,2122 225,2127 202,2145 151,2114 117,2137 79,2127"/>
        <Baseline points="74,2094 166,2099 258,2091 1579,2094 1605,2088 1722,2081 2030,2083 2091,2076"/>
        <TextEquiv>
          <Unicode>le Château de Gaston Menier, qui m&#39;en a parlé, et de la mani ère que</Unicode>
        </TextEquiv>
      </TextLine>

    
    
      <TextLine id="eSc_line_349737" >
        <Coords points="74,2196 87,2155 112,2165 156,2155 171,2168 215,2155 279,2186 320,2155 463,2160 486,2145 540,2176 591,2145 645,2160 844,2160 865,2176 911,2155 975,2163 1116,2152 1167,2176 1198,2155 1262,2152 1287,2173 1310,2158 1566,2155 1584,2140 1643,2165 1669,2147 1733,2163 1771,2142 1868,2152 1978,2147 1989,2188 1981,2211 1935,2211 1925,2222 1902,2209 1886,2219 1850,2209 1776,2219 1733,2196 1697,2216 1640,2199 1623,2211 1530,2224 1359,2216 1326,2232 1285,2204 1262,2222 1192,2219 1167,2199 1111,2227 983,2216 934,2232 870,2209 842,2224 704,2216 637,2234 606,2209 581,2227 545,2214 529,2227 517,2216 483,2229 465,2216 430,2216 399,2229 366,2211 322,2224 279,2196 199,2240 186,2229 168,2242 130,2222 107,2234 79,2224"/>
        <Baseline points="74,2196 929,2196 960,2191 1182,2188 1218,2181 1244,2186 1920,2183 1989,2188"/>
        <TextEquiv>
          <Unicode>voici: L’armée d’invasion allemande est accompagnée de fourgons</Unicode>
        </TextEquiv>
      </TextLine>

    
    
      <TextLine id="eSc_line_349734" >
        <Coords points="74,2301 79,2265 112,2242 151,2273 179,2252 266,2265 284,2252 314,2260 348,2240 407,2260 542,2252 570,2270 601,2247 616,2255 640,2240 663,2255 696,2237 719,2255 798,2257 834,2242 893,2265 949,2237 970,2252 1016,2245 1049,2268 1075,2247 1139,2265 1203,2245 1254,2250 1269,2237 1377,2247 1400,2260 1423,2250 1530,2250 1553,2237 1610,2260 1671,2232 1712,2250 1728,2240 1745,2250 1820,2245 1850,2260 1879,2240 1937,2229 1953,2242 2030,2245 2037,2278 2030,2306 1922,2306 1881,2337 1832,2316 1807,2337 1776,2339 1745,2314 1697,2327 1674,2309 1640,2314 1610,2296 1574,2316 1525,2314 1497,2337 1454,2350 1418,2332 1328,2347 1256,2301 1205,2321 1164,2321 1136,2298 1082,2319 1047,2298 988,2329 965,2311 924,2314 901,2296 847,2332 757,2314 724,2314 706,2327 688,2314 640,2314 619,2329 568,2309 537,2332 514,2314 488,2314 430,2324 407,2316 381,2334 360,2319 340,2332 279,2304 250,2321 184,2334 161,2316 79,2319"/>
        <Baseline points="74,2301 112,2296 304,2298 330,2293 532,2286 1564,2286 1594,2291 1620,2283 1648,2283 1702,2275 2037,2278"/>
        <TextEquiv>
          <Unicode>où les officiers déménagent tout ce qui leur paraît mériter d&#39;être</Unicode>
        </TextEquiv>
      </TextLine>

    
    
      <TextLine id="eSc_line_349738" >
        <Coords points="74,2393 87,2357 130,2352 168,2362 186,2352 230,2355 248,2342 261,2352 281,2342 317,2370 376,2347 391,2360 442,2360 455,2350 555,2360 588,2378 624,2352 657,2360 709,2347 732,2360 849,2355 885,2373 934,2347 1231,2347 1280,2375 1313,2350 1402,2342 1456,2352 1492,2342 1536,2350 1566,2337 1630,2368 1656,2347 1697,2339 1763,2339 1802,2362 1845,2334 1891,2344 2055,2337 2088,2352 2096,2373 2081,2411 1953,2401 1891,2408 1866,2429 1827,2437 1751,2434 1717,2408 1687,2424 1646,2393 1571,2439 1518,2444 1451,2444 1402,2408 1333,2416 1292,2398 1200,2449 1144,2449 1093,2411 954,2426 903,2401 862,2429 847,2416 826,2429 808,2416 775,2424 762,2414 734,2429 673,2414 640,2429 604,2403 550,2434 524,2419 478,2419 437,2447 396,2419 360,2424 337,2406 291,2432 227,2408 168,2429 79,2426"/>
        <Baseline points="74,2393 107,2388 1021,2391 1167,2378 2063,2380 2096,2373"/>
        <TextEquiv>
          <Unicode>emporté, bronzes, tableaux, tapisseries, curiosités, vins, liqueurs,</Unicode>
        </TextEquiv>
      </TextLine>

    
    
      <TextLine id="eSc_line_349740" >
        <Coords points="64,2472 120,2442 184,2470 243,2449 322,2475 376,2444 460,2460 637,2452 711,2478 752,2447 837,2467 857,2452 942,2455 960,2444 975,2455 1039,2455 1123,2444 1177,2449 1198,2465 1256,2444 1500,2442 1520,2455 1536,2442 1564,2447 1587,2437 1653,2439 1669,2449 1689,2434 1751,2455 1774,2437 1937,2437 1976,2465 2012,2470 1953,2516 1920,2496 1779,2508 1756,2490 1738,2506 1669,2498 1594,2539 1543,2519 1510,2542 1466,2526 1428,2552 1390,2521 1359,2542 1262,2544 1198,2496 1175,2511 1128,2519 1111,2508 1008,2536 983,2519 870,2521 839,2498 788,2526 727,2503 696,2524 619,2508 560,2511 535,2526 455,2498 430,2516 407,2511 391,2521 345,2524 330,2513 286,2524 263,2511 69,2521"/>
        <Baseline points="64,2475 122,2493 363,2493 430,2485 486,2488 558,2485 583,2480 1546,2483 1725,2475 1753,2470 2013,2472"/>
        <TextEquiv>
          <Unicode>etc.etc. Des experts, des antiquaires connaissant bien la France,</Unicode>
        </TextEquiv>
      </TextLine>

    
    
      <TextLine id="eSc_line_349736" >
        <Coords points="71,2585 76,2562 115,2536 156,2565 192,2536 276,2567 358,2544 399,2562 463,2539 545,2570 565,2554 601,2552 637,2567 704,2539 716,2549 788,2544 808,2560 829,2547 1000,2539 1041,2570 1072,2549 1116,2544 1139,2554 1157,2542 1205,2547 1223,2560 1249,2547 1328,2549 1384,2534 1431,2557 1464,2536 1518,2554 1543,2539 1584,2536 1620,2539 1640,2554 1692,2534 1861,2542 1873,2531 1886,2542 1925,2536 1955,2554 1986,2529 2091,2529 2099,2565 2088,2611 2063,2629 1966,2593 1940,2611 1891,2595 1825,2600 1781,2631 1676,2636 1617,2600 1582,2606 1525,2583 1461,2616 1441,2600 1413,2600 1364,2636 1328,2641 1303,2626 1264,2639 1226,2608 1169,2616 1134,2593 1085,2616 1049,2593 1018,2616 990,2608 975,2621 952,2608 829,2608 808,2593 773,2616 744,2608 634,2629 550,2600 524,2616 445,2616 396,2595 355,2618 332,2618 276,2595 217,2621 161,2598 135,2616 97,2618 76,2606"/>
        <Baseline points="74,2588 230,2588 258,2583 1162,2577 1233,2572 1807,2575 2014,2570 2101,2567"/>
        <TextEquiv>
          <Unicode>où ils ont vécu en grand nombre, et la valeur de ses richesses, leur</Unicode>
        </TextEquiv>
      </TextLine>

    
    
      <TextLine id="eSc_line_349741" >
        <Coords points="89,2682 112,2647 138,2657 281,2649 307,2664 340,2639 360,2639 399,2667 422,2652 476,2647 634,2657 691,2644 939,2644 962,2659 990,2641 1064,2649 1103,2634 1203,2649 1218,2639 1295,2636 1356,2644 1395,2631 1431,2654 1459,2636 1500,2634 1584,2634 1612,2652 1640,2634 1697,2649 1758,2629 1774,2639 1868,2629 1950,2639 1986,2626 2145,2629 2170,2639 2181,2670 2163,2695 2030,2690 1966,2726 1914,2695 1820,2695 1761,2736 1717,2711 1669,2734 1617,2695 1512,2728 1436,2688 1356,2731 1333,2734 1292,2708 1254,2736 1205,2705 1149,2705 1098,2734 1067,2716 1013,2741 967,2731 944,2741 908,2718 862,2713 811,2728 765,2716 744,2726 716,2708 686,2723 629,2698 609,2713 591,2708 560,2721 542,2708 512,2711 478,2728 455,2711 353,2728 312,2700 235,2728 207,2711 161,2731 128,2716 97,2718"/>
        <Baseline points="89,2682 773,2688 803,2682 872,2682 934,2675 1676,2677 1704,2672 1797,2672 1909,2664 2145,2664 2181,2670"/>
        <TextEquiv>
          <Unicode>servent de guides. Le pillage d’ordinaire est suivi de l’une ou l&#39;autre</Unicode>
        </TextEquiv>
      </TextLine>

    
    
      <TextLine id="eSc_line_349739" >
        <Coords points="89,2775 94,2754 117,2746 166,2764 184,2752 327,2752 360,2739 396,2767 424,2746 483,2762 506,2746 640,2744 673,2762 727,2741 752,2762 806,2741 839,2757 862,2741 1024,2736 1059,2741 1077,2757 1116,2734 1169,2757 1233,2736 1287,2752 1310,2734 1415,2739 1433,2752 1464,2728 1487,2739 1523,2723 1576,2739 1602,2728 1710,2728 1761,2736 1776,2749 1820,2726 1922,2736 1986,2723 2014,2739 2048,2726 2094,2739 2104,2762 2088,2803 2040,2798 2019,2782 1955,2816 1922,2792 1894,2805 1843,2782 1820,2798 1720,2792 1689,2808 1656,2792 1607,2810 1579,2798 1551,2808 1507,2795 1472,2813 1431,2790 1367,2831 1354,2821 1328,2828 1290,2798 1259,2816 1228,2800 1185,2803 1131,2831 1080,2792 1049,2813 1013,2803 985,2823 957,2805 862,2810 839,2792 811,2813 775,2810 752,2795 680,2816 663,2803 599,2826 552,2800 509,2818 481,2798 432,2821 401,2800 378,2813 314,2818 294,2805 273,2821 250,2808 186,2813 163,2795 138,2813 94,2813"/>
        <Baseline points="89,2775 122,2782 217,2782 248,2777 1323,2780 1502,2767 2073,2769 2104,2762"/>
        <TextEquiv>
          <Unicode>et souvent de l’une et de l’autre de ces deux opérations ; d’abord le</Unicode>
        </TextEquiv>
      </TextLine>

    
    
      <TextLine id="eSc_line_349733" >
        <Coords points="71,2880 76,2859 97,2846 153,2841 343,2851 396,2839 424,2859 494,2841 596,2841 680,2862 706,2841 768,2846 788,2836 855,2841 870,2854 888,2841 934,2839 965,2856 993,2836 1044,2828 1059,2841 1116,2844 1159,2831 1200,2846 1223,2828 1264,2839 1313,2826 1336,2839 1408,2836 1431,2849 1459,2831 1530,2831 1546,2844 1602,2823 1623,2833 1694,2823 1722,2846 1827,2826 1850,2836 1909,2823 2004,2828 2022,2813 2060,2839 2068,2862 2060,2920 1989,2920 1955,2897 1868,2946 1822,2920 1786,2936 1756,2918 1733,2933 1697,2923 1674,2936 1656,2923 1630,2944 1607,2926 1566,2918 1456,2944 1410,2923 1351,2951 1310,2928 1274,2938 1254,2923 1223,2938 1208,2933 1185,2951 1167,2941 1123,2951 1108,2938 1088,2949 1062,2931 1021,2944 944,2936 919,2951 865,2933 798,2933 770,2956 714,2923 688,2944 647,2946 599,2913 568,2915 514,2956 455,2961 432,2944 366,2967 320,2949 281,2969 238,2938 197,2964 166,2964 76,2895"/>
        <Baseline points="74,2882 655,2882 1835,2872 1904,2864 2071,2864"/>
        <TextEquiv>
          <Unicode>soldatesque arrache, brise ou détruit bout ce qui n’est pas enlevé:</Unicode>
        </TextEquiv>
      </TextLine>

    
    </TextRegion>
    
  </Page>
</PcGts>
