2304 3072
837 40 1914 174 Clermont-Créans (Sarthe) 15 Aout 1914
844 286 983 386 N° 1
762 453 1208 570 Mon cher Butler
673 642 2094 760 Je reçois de notre cher Président de la CONCILIATION
394 737 2024 847 ALLEMANDE, le Dr. Nippold, la triste et touchante lettre ci-
394 839 2019 939 jointe. Je ne cesse de penser à lui depuis que la terrible
394 924 2068 1034 guerre a éclaté malgré tout ; je n’oublierai jamais son aver-
394 1013 2014 1121 tissement prophétique, que vous avez entendu comme moi, sur
394 1111 2007 1213 l’effrayant progr ès de la "démagogie militariste allemande"
673 1192 1958 1292 Quelle pitié que tous ces hommes d'élite réunis
396 1285 2081 1390 par nous, après tant d’années d’expérience et tant de généreu-
417 1374 2037 1482 efforts, aient été impuissants contre la folie du militaris-
414 1466 2042 1564 me et les excitations de la presse! Mais aussi quelle leçon
407 1559 2099 1664 pour nous, et comme elle nous dicte notre devoir : plus que ja-
412 1646 2127 1751 mais poursuivre notre oeuvre d'éducation. Nous n’avons pu, jus-
1387 1728 1472 1774 ££
427 1735 2086 1840 qu’ici, que le préparer, certes avec succès inespéré, mais les
414 1825 1986 1930 résultats importants que nous avons obtenus si vite et sur
427 1909 2135 2019 tant de points ne sont que des débuts, des germes ; c’est mainte-
419 1989 2014 2104 nant seulement que le monde civilisé, brutalement éveillé de
417 2091 2109 2201 son ignorance, va comprendre ce que nous avons commencé et sur-
437 2183 1141 2283 tout ce qui reste à faire.
704 2347 2106 2462 Je vous écrirai par un prochain courrier spécialement
427 2429 2109 2552 à ce sujet, qui sera pour nous, avant peu, le sujet essentiel.
424 2524 2048 2644 Aujourd'hui je suis encore tout à la douleur de me sentir im-
199 2682 1464 2795 à Monsieur le Président Nicholas Murray BUTLER
