2304 3072
839 125 1006 212 - 3 -
263 256 2019 373 nisation , mais elle est devenue aussi une question de temps.
550 337 1955 455 Tout ce temps qui passe aggrave la situation des
273 417 2019 563 armées allemandes décimées par la fatigue et par le feu: les
279 527 2063 668 voilà cernées entre la France qui les harcèle, et l'Angleterre
273 619 2076 760 qui chaque jour verse ses hommes et ses approvisionnements sur
263 732 2109 862 nos champs de bataille ; la Belgique, avide de juste revanche€é à€
268 816 2091 957 les attend, les guette. Les Russes eux-mêmes nous arrivent dit-
279 908 2053 1054 on on ne sait comment, par mer, sur les paquebots anglais qui
273 1021 2060 1154 les amènent de l'Océan glacial, de Sibérie, d'Arkangel, et de
268 1103 1968 1249 l'Océan Pacifique, d'Extr ème orient, de Vladivostok où ils
273 1200 2032 1349 sont d’accord avec leurs adversaires d'hier, avec le Japon !
276 1297 1940 1443 Ce même Japon profite de la circonstance pour enlever aux
266 1384 2032 1543 Allemands leurs colonies d'Asie et d'Océanie, à l’exemple de
271 1518 1978 1646 l’Angleterre qui leur prend celles de l'Afrique ; elle leur
284 1589 2078 1743 prend aussi leurs paquebots !...... Qui l’aurait pensé? Voilà
286 1702 2042 1845 ces transatlantiques superbes de Hambourg et de Brême, voila
266 1786 2155 1935 cette flotte de commerce dont le pavillon se montrait sur toutes
276 1902 2142 2042 les mers et que les cuirassés allemands avaient pour soi-disant
273 2004 2106 2137 raison d'être protéger, les voilà qui servent à transporter en
256 2101 2117 2204 France en Belgique quoi donc? des armées Russes ! Et non seule-
279 2188 2099 2306 ment des armées Russes, mais des armées de l'Inde Anglaise, du
261 2291 2073 2408 Cap, du Canada, d’Australie ; toute la tour de Babel mobilisée
266 2411 1233 2531 contre le militarisme allemand !
560 2488 2112 2595 Si le drame était moins sanglant, si nous ne savions
263 2565 1999 2723 pas nos villes incendiées, si nous n’apprenions pas chaque
284 2682 2030 2831 jour indirectement la mort d'une foule de jeunes gens qu’il
286 2780 2071 2928 faut pleurer, on dirait que ce dénouement du militarisme exé-
1566 2859 1640 2923 n'
268 2880 2071 2992 cré est d’une réconfortante moralité. Mais il/en restera pas
