<?xml version="1.0" encoding="UTF-8"  standalone="yes"?>
<PcGts xmlns="http://schema.primaresearch.org/PAGE/gts/pagecontent/2019-07-15" xmlns:xsi="http://www.w3.org/2001/XMLSchema-instance" xsi:schemaLocation="http://schema.primaresearch.org/PAGE/gts/pagecontent/2019-07-15 http://schema.primaresearch.org/PAGE/gts/pagecontent/2019-07-15/pagecontent.xsd">
  <Metadata>
	<Creator>escriptorium</Creator>
	<Created>2021-03-18T09:57:17.837220+00:00</Created>
    <LastChange>2021-03-18T09:57:17.837242+00:00</LastChange>
  </Metadata>
  <Page imageFilename="P1110386.JPG" imageWidth="2304" imageHeight="3072">

    

    
    <TextRegion id="eSc_dummyblock_">
    
    
      <TextLine id="eSc_line_230132" >
        <Coords points="890,97 893,71 921,53 1054,66 1118,58 1149,74 1167,61 1205,61 1236,40 1267,71 1318,58 1349,84 1413,66 1436,84 1459,69 1512,69 1533,56 1564,74 1610,53 1646,66 1664,48 1710,71 1730,53 1771,69 1794,51 1809,66 1848,71 1856,104 1848,151 1820,140 1799,161 1771,138 1730,148 1715,133 1699,145 1684,133 1559,138 1515,156 1495,138 1474,148 1428,138 1402,151 1379,138 1344,161 1313,133 1239,143 1221,128 1182,138 1154,130 1141,143 1108,135 1093,151 1067,133 1024,128 998,140 960,130 939,143 893,117"/>
        <Baseline points="893,99 998,99 1203,104 1431,104 1505,112 1858,107"/>
        <TextEquiv>
          <Unicode>Clermont-Créans, 3 Septembre 1914</Unicode>
        </TextEquiv>
      </TextLine>

    
    
      <TextLine id="eSc_line_230133" >
        <Coords points="773,296 775,266 819,250 857,279 888,253 906,263 913,291 908,325 893,330 857,309 806,327 778,320"/>
        <Baseline points="775,297 916,294"/>
        <TextEquiv>
          <Unicode>N° 2</Unicode>
        </TextEquiv>
      </TextLine>

    
    
      <TextLine id="eSc_line_230134" >
        <Coords points="829,488 857,453 952,455 977,478 995,460 1070,453 1095,494 1088,524 993,524 972,509 939,524 855,527 832,506"/>
        <Baseline points="830,491 1098,496"/>
        <TextEquiv>
          <Unicode>Cher ami,</Unicode>
        </TextEquiv>
      </TextLine>

    
    
      <TextLine id="eSc_line_230135" >
        <Coords points="616,691 645,647 755,647 778,668 796,652 957,650 975,668 1000,642 1016,655 1034,645 1054,657 1103,655 1118,670 1144,645 1157,655 1198,645 1208,655 1341,652 1359,668 1395,652 1425,657 1441,673 1461,652 1553,652 1589,673 1615,652 1725,645 1771,647 1794,665 1827,642 1876,668 1940,634 1981,650 2040,640 2076,655 2083,683 2053,709 1889,711 1871,696 1856,709 1809,711 1789,693 1768,711 1607,716 1587,698 1561,716 1469,716 1443,698 1420,719 1361,706 1341,719 1141,716 1128,706 1116,716 1031,719 1000,714 980,696 957,711 704,709 645,719 619,696"/>
        <Baseline points="617,693 747,696 1305,693 1758,696 1899,688 2086,685"/>
        <TextEquiv>
          <Unicode>Nous sommes bien heureux de vous savoir de retour</Unicode>
        </TextEquiv>
      </TextLine>

    
    
      <TextLine id="eSc_line_230136" >
        <Coords points="330,793 335,770 360,750 399,747 424,770 450,744 481,744 512,770 552,742 698,742 719,760 739,742 837,744 862,762 880,747 934,742 995,742 1041,760 1080,742 1157,742 1182,762 1264,742 1285,752 1382,742 1428,750 1459,770 1495,742 1541,752 1559,742 1574,752 1699,744 1725,757 1753,744 1815,742 1861,747 1876,760 1894,744 1940,742 1981,750 1996,780 1968,814 1935,801 1902,808 1879,796 1858,808 1797,811 1497,811 1469,796 1454,811 1226,808 1198,819 1177,801 1121,819 1093,808 1064,819 1036,803 883,808 865,793 844,808 806,811 737,808 714,796 675,819 609,806 588,821 519,801 471,816 424,796 404,814 363,816 337,793"/>
        <Baseline points="331,796 384,791 588,793 655,788 1344,785 1809,788 1873,778 1997,783"/>
        <TextEquiv>
          <Unicode>et en sureté dans votre pays paisible. Puissiez-vous n&#39;y</Unicode>
        </TextEquiv>
      </TextLine>

    
    
      <TextLine id="eSc_line_230137" >
        <Coords points="320,875 345,857 486,865 793,852 811,865 826,852 1080,849 1095,862 1111,849 1200,849 1223,860 1233,849 1280,847 1303,865 1326,847 1425,847 1443,862 1464,847 1689,844 1710,860 1730,844 1804,842 1822,855 1838,842 1955,839 2060,839 2081,855 2114,839 2122,872 2114,901 2078,888 2012,913 1978,898 1966,908 1876,901 1861,911 1820,890 1774,908 1704,896 1687,906 1561,911 1474,906 1443,890 1425,906 1287,903 1251,913 1216,893 1123,913 1098,890 1054,908 913,913 826,906 806,890 770,911 719,913 688,898 660,913 499,913 476,896 453,913 360,916 325,890"/>
        <Baseline points="321,878 1579,890 1684,888 1735,883 1797,885 1899,880 2124,875"/>
        <TextEquiv>
          <Unicode>voir jamais les calamités qui se sont abattues sur l’Europe !</Unicode>
        </TextEquiv>
      </TextLine>

    
    
      <TextLine id="eSc_line_230155" >
        <Coords points="335,980 345,944 378,942 432,947 450,962 501,942 660,942 691,962 714,942 962,939 985,960 1006,942 1044,939 1075,942 1098,960 1116,944 1177,939 1223,944 1241,960 1267,936 1305,947 1477,936 1489,947 1512,942 1536,960 1553,944 1643,936 1681,954 1704,934 1751,944 1774,934 1976,934 1991,949 2009,934 2053,934 2073,944 2081,977 2065,995 2024,1003 1989,983 1971,998 1753,998 1735,1008 1676,983 1661,998 1628,1003 1548,1008 1528,995 1515,1008 1382,1003 1369,1013 1269,1006 1246,990 1223,1006 1108,1003 1095,993 1016,1011 980,988 954,1006 814,1003 791,1016 750,995 721,1008 680,998 665,1008 540,1011 494,1000 481,1011 455,993 432,1008 340,1006"/>
        <Baseline points="337,983 929,988 980,983 1510,983 1689,980 1748,975 2050,975 2083,980"/>
        <TextEquiv>
          <Unicode>Les visions d’horreur que nous évoquions pour épouvanter le</Unicode>
        </TextEquiv>
      </TextLine>

    
    
      <TextLine id="eSc_line_230148" >
        <Coords points="327,1077 332,1054 366,1031 404,1044 486,1039 514,1059 563,1034 599,1057 632,1031 711,1031 752,1054 785,1034 913,1044 936,1034 985,1057 1011,1034 1067,1052 1088,1034 1118,1044 1136,1034 1192,1057 1210,1041 1259,1041 1282,1029 1328,1039 1361,1029 1377,1041 1423,1031 1451,1057 1487,1031 1548,1039 1566,1029 1592,1049 1625,1029 1894,1029 1914,1047 1935,1029 2014,1029 2096,1039 2112,1067 2076,1093 2009,1100 1904,1088 1789,1100 1710,1095 1694,1105 1681,1095 1610,1098 1592,1082 1574,1098 1512,1095 1497,1108 1451,1085 1423,1100 1313,1098 1285,1108 1213,1103 1187,1090 1162,1103 1085,1103 1067,1093 1021,1108 983,1088 924,1108 865,1098 816,1108 765,1098 752,1085 734,1100 632,1108 596,1095 527,1103 514,1090 481,1108 353,1105 332,1088"/>
        <Baseline points="330,1080 711,1085 747,1080 839,1077 1177,1077 1262,1077 1377,1080 1523,1072 1968,1067 2112,1070"/>
        <TextEquiv>
          <Unicode>monde et pour essayer de les conjurer sont maintenant dépas-</Unicode>
        </TextEquiv>
      </TextLine>

    
    
      <TextLine id="eSc_line_230156" >
        <Coords points="337,1175 355,1141 488,1141 512,1159 532,1141 581,1139 601,1154 619,1139 732,1139 747,1152 762,1139 816,1136 837,1154 860,1136 1021,1136 1044,1152 1064,1134 1195,1134 1221,1154 1274,1131 1472,1139 1489,1128 1566,1128 1597,1152 1620,1131 1658,1131 1674,1144 1707,1128 1738,1131 1771,1152 1809,1128 1879,1126 1945,1126 1971,1146 2001,1123 2027,1141 2045,1126 2122,1128 2135,1164 2127,1190 2112,1192 2019,1185 1999,1198 1960,1187 1902,1203 1891,1192 1825,1192 1802,1205 1768,1187 1692,1195 1679,1182 1653,1198 1617,1198 1597,1180 1574,1198 1425,1200 1310,1190 1239,1198 1221,1182 1205,1195 1144,1198 1123,1187 1085,1208 1044,1182 1026,1195 867,1200 770,1200 750,1185 732,1198 665,1203 599,1190 578,1203 506,1192 486,1205 343,1198"/>
        <Baseline points="338,1177 401,1180 430,1182 686,1182 837,1175 1730,1175 1771,1169 1925,1172 2001,1167 2137,1167"/>
        <TextEquiv>
          <Unicode>sées ; et nous ne sommes qu’au commencement de la guerre ! Les</Unicode>
        </TextEquiv>
      </TextLine>

    
    
      <TextLine id="eSc_line_230149" >
        <Coords points="335,1274 340,1249 360,1236 519,1236 545,1256 588,1233 640,1233 660,1251 683,1233 785,1233 806,1251 826,1233 870,1231 893,1251 916,1231 1088,1228 1105,1244 1123,1228 1177,1236 1308,1226 1336,1249 1367,1226 1395,1226 1423,1246 1446,1226 1518,1233 1548,1223 1651,1223 1684,1249 1728,1223 1768,1244 1794,1221 1945,1218 2042,1236 2050,1259 2040,1282 1991,1292 1850,1287 1835,1274 1789,1290 1771,1274 1748,1290 1689,1277 1653,1292 1436,1295 1418,1280 1354,1292 1331,1277 1305,1297 1116,1295 1098,1280 1077,1295 995,1290 913,1303 893,1290 834,1292 808,1280 785,1297 714,1287 696,1305 647,1290 581,1308 555,1295 371,1308 340,1285"/>
        <Baseline points="337,1275 396,1269 604,1280 1072,1280 1180,1272 1346,1274 1387,1269 1615,1269 1735,1262 2053,1262"/>
        <TextEquiv>
          <Unicode>trains que j&#39;ai vu partir fleuris de jeunesse et d&#39;enthou-</Unicode>
        </TextEquiv>
      </TextLine>

    
    
      <TextLine id="eSc_line_230157" >
        <Coords points="325,1374 335,1354 378,1328 427,1338 458,1328 519,1333 542,1351 586,1328 663,1323 686,1336 793,1323 816,1333 834,1323 865,1349 896,1328 1034,1333 1077,1323 1095,1333 1118,1320 1141,1333 1162,1326 1192,1349 1239,1320 1264,1336 1297,1326 1341,1333 1374,1318 1423,1346 1461,1323 1507,1338 1530,1318 1543,1328 1617,1331 1699,1315 1763,1346 1799,1320 1861,1326 1871,1313 1914,1333 1937,1315 2037,1318 2055,1328 2091,1300 2114,1318 2158,1300 2165,1359 2145,1384 2063,1377 2050,1387 1943,1387 1920,1369 1889,1387 1807,1387 1789,1397 1768,1379 1751,1392 1615,1387 1602,1397 1536,1395 1510,1374 1489,1392 1448,1392 1420,1374 1400,1390 1349,1397 1216,1395 1192,1377 1169,1395 1100,1397 888,1395 862,1379 844,1395 783,1400 650,1390 568,1397 542,1382 514,1397 389,1402 360,1400 330,1374"/>
        <Baseline points="326,1377 675,1377 701,1372 1208,1369 1418,1372 1541,1369 1594,1364 1909,1367 1966,1361 2168,1361"/>
        <TextEquiv>
          <Unicode>siasme reviennent maintenant chargés de blessés, dont tous les</Unicode>
        </TextEquiv>
      </TextLine>

    
    
      <TextLine id="eSc_line_230158" >
        <Coords points="335,1472 340,1438 378,1425 419,1436 476,1425 578,1433 622,1459 655,1431 706,1428 752,1454 783,1431 855,1433 888,1423 1006,1436 1024,1420 1057,1431 1205,1420 1221,1431 1254,1428 1274,1443 1303,1423 1413,1420 1472,1448 1507,1418 1559,1418 1592,1438 1620,1418 1779,1418 1822,1443 1853,1415 1927,1420 1948,1436 1976,1413 2014,1423 2135,1413 2142,1454 2129,1479 1973,1484 1948,1469 1925,1484 1832,1477 1797,1495 1710,1482 1653,1495 1600,1474 1571,1487 1500,1489 1479,1474 1461,1489 1346,1492 1280,1477 1259,1492 1123,1487 1088,1497 1029,1492 1013,1479 903,1497 785,1497 750,1484 724,1500 665,1500 632,1484 609,1505 578,1492 358,1502 340,1487"/>
        <Baseline points="337,1474 1006,1474 1162,1472 1221,1466 1536,1469 1561,1464 2145,1456"/>
        <TextEquiv>
          <Unicode>hôpitaux, les casernes laissées vides, les lycées, les écoles</Unicode>
        </TextEquiv>
      </TextLine>

    
    
      <TextLine id="eSc_line_230152" >
        <Coords points="327,1574 360,1533 460,1530 486,1548 506,1530 604,1530 627,1551 647,1533 760,1525 785,1536 814,1530 837,1548 862,1523 962,1525 983,1543 1008,1520 1108,1520 1159,1541 1185,1518 1210,1518 1241,1543 1285,1520 1341,1530 1454,1520 1479,1541 1510,1518 1525,1525 1536,1515 1571,1543 1638,1507 1671,1518 1689,1510 1722,1528 1799,1512 1827,1538 1863,1510 1917,1523 1976,1510 2004,1533 2035,1507 2063,1507 2083,1525 2091,1553 2073,1579 2001,1569 1984,1579 1879,1576 1848,1589 1827,1571 1725,1592 1661,1579 1561,1589 1479,1574 1464,1587 1264,1589 1249,1579 1195,1594 1154,1579 1093,1592 1008,1589 988,1571 970,1587 855,1592 834,1582 811,1594 616,1594 581,1607 542,1592 499,1597 483,1584 458,1597 353,1597 332,1587"/>
        <Baseline points="328,1576 811,1569 1093,1571 1118,1566 1246,1564 1617,1566 1671,1564 1697,1559 1973,1561 2093,1556"/>
        <TextEquiv>
          <Unicode>sont déjà pleins dans toute la France ; en quelques jours il</Unicode>
        </TextEquiv>
      </TextLine>

    
    
      <TextLine id="eSc_line_230159" >
        <Coords points="335,1674 345,1640 389,1623 427,1651 483,1623 514,1623 545,1648 560,1635 645,1633 701,1617 814,1630 826,1620 849,1628 865,1615 908,1615 929,1628 954,1620 1008,1653 1041,1625 1077,1625 1100,1640 1149,1615 1218,1615 1251,1640 1305,1610 1433,1625 1546,1615 1594,1643 1628,1615 1656,1615 1689,1638 1733,1610 1776,1617 1817,1602 1884,1633 1920,1610 1976,1630 1999,1610 2050,1615 2088,1605 2140,1633 2186,1605 2193,1651 2186,1674 2078,1669 2050,1681 2022,1671 1999,1689 1971,1671 1902,1681 1881,1669 1871,1679 1758,1684 1689,1666 1623,1689 1597,1671 1571,1689 1505,1679 1459,1689 1405,1674 1377,1697 1336,1676 1269,1676 1251,1689 1126,1689 1105,1676 1034,1689 1018,1676 988,1697 849,1684 785,1697 678,1692 660,1702 642,1692 576,1699 545,1684 445,1694 430,1681 414,1694 358,1699 340,1684"/>
        <Baseline points="337,1676 460,1671 837,1674 865,1669 1246,1669 1392,1661 1817,1658 2196,1653"/>
        <TextEquiv>
          <Unicode>en est arrivé partout, au midi, à l&#39;ouest, au centre du pays. A</Unicode>
        </TextEquiv>
      </TextLine>

    
    
      <TextLine id="eSc_line_230153" >
        <Coords points="337,1774 343,1735 371,1725 419,1745 445,1725 596,1725 634,1745 657,1728 691,1722 721,1730 747,1720 788,1733 901,1722 947,1751 993,1722 1075,1720 1103,1743 1144,1717 1203,1728 1254,1715 1285,1740 1341,1715 1392,1717 1420,1738 1454,1710 1474,1707 1507,1720 1538,1707 1574,1707 1589,1720 1633,1710 1656,1720 1666,1710 1692,1730 1748,1702 1766,1717 1786,1707 1932,1717 1955,1699 2024,1738 2099,1699 2160,1712 2183,1748 2160,1781 2142,1768 2076,1779 2037,1768 2012,1781 1958,1774 1935,1784 1912,1771 1817,1768 1768,1797 1740,1776 1715,1781 1694,1766 1643,1781 1533,1774 1510,1792 1428,1774 1410,1789 1308,1784 1282,1768 1264,1781 1144,1789 1105,1774 1090,1786 977,1789 952,1776 934,1789 826,1794 640,1781 588,1799 424,1786 343,1797"/>
        <Baseline points="338,1776 911,1771 1054,1768 1118,1766 1305,1766 1400,1761 1858,1758 2142,1756 2186,1751"/>
        <TextEquiv>
          <Unicode>La Fl èche seulement, nous avons cinq hôpitaux improvisés, avec</Unicode>
        </TextEquiv>
      </TextLine>

    
    
      <TextLine id="eSc_line_230150" >
        <Coords points="345,1866 350,1825 389,1825 399,1835 422,1822 440,1832 471,1827 517,1853 540,1832 570,1835 593,1817 660,1820 693,1843 719,1820 737,1830 803,1809 865,1850 898,1820 947,1822 965,1807 1008,1825 1054,1822 1080,1843 1103,1822 1154,1815 1190,1835 1213,1815 1246,1812 1313,1838 1384,1812 1410,1822 1489,1820 1502,1809 1538,1822 1574,1809 1607,1832 1661,1807 1704,1817 1745,1804 1822,1832 1873,1804 1920,1830 1935,1812 1960,1817 1981,1802 2022,1802 2032,1812 2065,1802 2091,1822 2099,1848 2091,1871 2071,1876 1912,1871 1879,1881 1838,1866 1817,1884 1781,1876 1768,1886 1751,1876 1733,1886 1694,1876 1635,1889 1602,1866 1559,1886 1466,1879 1418,1894 1379,1881 1331,1886 1310,1871 1262,1896 1192,1871 1167,1891 1149,1881 1128,1902 1080,1873 1047,1899 1000,1884 890,1886 872,1873 847,1894 716,1891 693,1876 673,1889 563,1899 532,1894 517,1879 488,1894 407,1891 363,1907 350,1894"/>
        <Baseline points="348,1868 506,1873 737,1866 942,1868 1221,1861 1431,1863 1628,1856 1681,1858 1712,1853 2101,1850"/>
        <TextEquiv>
          <Unicode>douze cents lits : Créans est une ambulance annexe, et ainsi</Unicode>
        </TextEquiv>
      </TextLine>

    
    
      <TextLine id="eSc_line_230138" >
        <Coords points="345,1963 350,1935 368,1925 396,1937 414,1925 442,1937 465,1932 486,1948 509,1927 535,1935 560,1920 632,1937 655,1922 680,1935 724,1920 747,1940 808,1889 857,1925 870,1914 888,1930 977,1930 993,1917 1018,1940 1072,1907 1095,1914 1126,1902 1144,1917 1185,1907 1218,1930 1239,1914 1326,1920 1377,1907 1410,1917 1512,1896 1530,1912 1541,1904 1584,1922 1658,1899 1692,1922 1766,1896 1792,1909 1817,1894 1861,1909 1896,1899 1925,1920 1955,1894 1971,1904 1994,1889 2037,1907 2055,1896 2073,1907 2163,1902 2176,1937 2163,1966 2053,1966 2040,1976 2004,1966 1960,1973 1922,1960 1896,1971 1738,1968 1725,1978 1687,1968 1607,1984 1576,1963 1541,1981 1213,1973 1146,1986 1105,1968 1085,1984 1024,1971 998,1986 898,1989 888,1999 865,1986 762,1981 675,1989 611,2014 560,1991 494,1991 465,2007 368,1996 350,2012"/>
        <Baseline points="348,1966 883,1971 936,1966 1303,1966 1364,1963 1390,1958 1612,1960 1640,1955 1838,1955 1896,1948 2176,1940"/>
        <TextEquiv>
          <Unicode>dans tous les villages et les habitations qui peuvent disposer</Unicode>
        </TextEquiv>
      </TextLine>

    
    
      <TextLine id="eSc_line_230139" >
        <Coords points="358,2068 360,2024 424,2032 440,2022 486,2053 514,2032 573,2040 606,2022 657,2019 709,2035 750,2017 762,2027 849,2030 867,2042 898,2017 916,2024 934,2012 947,2022 960,2012 977,2027 1008,2024 1036,2048 1070,2019 1111,2012 1134,2035 1175,2012 1218,2012 1254,2035 1272,2014 1367,2022 1390,2007 1413,2019 1443,2004 1492,2035 1536,1991 1607,2032 1625,2017 1671,2014 1681,2004 1766,2017 1838,2001 1868,2022 1958,1994 1976,2035 1960,2068 1896,2068 1871,2055 1850,2073 1768,2068 1748,2081 1722,2068 1630,2078 1605,2060 1582,2076 1528,2083 1487,2063 1423,2081 1356,2073 1277,2083 1256,2065 1239,2081 1205,2078 1190,2088 1141,2071 1116,2086 1075,2086 1049,2071 1024,2094 988,2081 903,2091 870,2073 847,2088 686,2096 611,2083 593,2094 570,2073 527,2096 491,2081 465,2099 422,2094 399,2078 360,2096"/>
        <Baseline points="360,2071 514,2065 688,2068 844,2068 929,2060 1272,2063 1464,2055 1610,2053 1712,2045 1978,2037"/>
        <TextEquiv>
          <Unicode>d&#39;un ou plusieurs lits. Et les blessés qui occupent ces</Unicode>
        </TextEquiv>
      </TextLine>

    
    
      <TextLine id="eSc_line_230147" >
        <Coords points="552,2112 570,2078 591,2096 652,2088 680,2112 634,2150 614,2135 558,2137"/>
        <Baseline points="552,2112 680,2112"/>
        <TextEquiv>
          <Unicode>les</Unicode>
        </TextEquiv>
      </TextLine>

    
    
      <TextLine id="eSc_line_230145" >
        <Coords points="340,2163 358,2122 453,2135 509,2119 529,2137 609,2135 632,2150 686,2119 773,2129 855,2122 888,2150 926,2119 1018,2135 1036,2117 1144,2122 1221,2109 1236,2122 1274,2122 1305,2106 1379,2129 1397,2114 1436,2127 1461,2106 1489,2129 1520,2104 1541,2104 1576,2132 1600,2112 1638,2117 1658,2104 1722,2122 1753,2096 1786,2091 1825,2109 1848,2101 1863,2114 1881,2101 1925,2106 1953,2124 1973,2106 2024,2094 2058,2063 2088,2065 2127,2099 2145,2083 2165,2091 2176,2135 2135,2168 2122,2158 1984,2168 1955,2155 1943,2165 1879,2168 1863,2155 1827,2176 1722,2155 1702,2170 1620,2176 1576,2160 1533,2181 1484,2158 1438,2155 1408,2178 1377,2163 1341,2181 1021,2176 1013,2186 924,2191 903,2176 878,2196 834,2186 798,2196 785,2186 734,2196 721,2186 632,2186 614,2199 517,2199 488,2181 458,2199 345,2191"/>
        <Baseline points="343,2165 1152,2165 1210,2160 1336,2160 1454,2152 1538,2155 1717,2147 2178,2137"/>
        <TextEquiv>
          <Unicode>lits sont heureux, les bienheureux : &quot; Je suis dans le ciel! &quot;</Unicode>
        </TextEquiv>
      </TextLine>

    
    
      <TextLine id="eSc_line_230141" >
        <Coords points="337,2270 343,2227 409,2232 427,2247 455,2224 483,2219 504,2232 522,2224 542,2242 583,2209 619,2211 696,2247 737,2211 770,2229 793,2229 811,2214 832,2229 896,2211 936,2237 960,2222 1029,2209 1077,2242 1123,2209 1146,2219 1162,2206 1198,2234 1246,2206 1320,2234 1338,2219 1392,2211 1428,2229 1474,2201 1520,2227 1548,2204 1674,2204 1697,2219 1720,2199 1751,2193 1789,2211 1830,2211 1884,2193 1914,2204 1935,2186 1981,2219 2007,2219 2040,2193 2083,2204 2122,2191 2145,2199 2152,2227 2140,2260 2035,2265 2012,2252 1991,2270 1776,2270 1712,2265 1692,2252 1664,2268 1556,2275 1515,2265 1456,2278 1431,2263 1410,2278 1369,2278 1344,2291 1320,2270 1277,2280 1259,2268 1239,2280 1198,2270 1141,2278 1123,2291 1080,2270 1054,2291 931,2275 908,2288 755,2280 719,2291 698,2278 647,2301 614,2280 581,2293 547,2286 491,2296 424,2283 358,2293 343,2280"/>
        <Baseline points="340,2273 424,2268 985,2268 1085,2255 1336,2257 1418,2255 1454,2247 1748,2245 1804,2237 1863,2234 2122,2237 2155,2229"/>
        <TextEquiv>
          <Unicode>me dit l&#39;un d’entre eux, qui n’a que la jambe fracassée, mais</Unicode>
        </TextEquiv>
      </TextLine>

    
    
      <TextLine id="eSc_line_230146" >
        <Coords points="355,2362 363,2332 435,2324 458,2344 481,2324 504,2332 535,2319 555,2332 627,2332 655,2306 698,2344 739,2321 770,2334 791,2319 821,2342 834,2329 888,2319 1006,2327 1059,2311 1105,2332 1126,2314 1213,2319 1256,2296 1277,2296 1315,2329 1377,2304 1436,2324 1477,2309 1541,2319 1571,2301 1607,2321 1630,2304 1646,2314 1697,2304 1722,2316 1804,2283 1845,2298 1868,2278 1899,2301 1955,2291 2001,2321 2042,2288 2058,2298 2078,2293 2114,2309 2122,2337 2091,2360 2037,2360 2019,2347 1991,2370 1943,2357 1753,2368 1722,2352 1640,2375 1500,2373 1482,2388 1428,2365 1351,2375 1315,2360 1300,2375 1136,2380 1111,2368 1070,2385 977,2383 962,2396 929,2385 842,2391 824,2380 785,2391 509,2385 491,2401 458,2385 360,2393"/>
        <Baseline points="358,2365 632,2370 783,2362 977,2362 1026,2357 1318,2360 1525,2347 1635,2350 1728,2344 1763,2337 2124,2339"/>
        <TextEquiv>
          <Unicode>qui pense à ses camarades restés sur place par milliers, in-</Unicode>
        </TextEquiv>
      </TextLine>

    
    
      <TextLine id="eSc_line_230142" >
        <Coords points="343,2460 348,2421 471,2429 499,2414 524,2432 558,2429 604,2391 642,2385 668,2396 688,2388 732,2424 765,2421 791,2442 837,2401 880,2434 911,2411 929,2424 954,2408 980,2419 1006,2406 1026,2419 1098,2411 1108,2421 1152,2421 1241,2401 1310,2437 1338,2414 1392,2406 1410,2421 1423,2411 1454,2416 1487,2396 1507,2411 1561,2408 1587,2388 1638,2411 1674,2391 1702,2406 1730,2393 1753,2411 1779,2391 1797,2406 1830,2391 1858,2401 1904,2362 1922,2362 1953,2388 1991,2383 2012,2398 2030,2388 2083,2401 2124,2383 2145,2396 2160,2391 2168,2432 2158,2460 1973,2455 1912,2465 1866,2449 1853,2460 1784,2465 1751,2447 1733,2462 1666,2475 1633,2462 1564,2462 1528,2475 1410,2465 1341,2472 1318,2460 1287,2485 1256,2472 1131,2478 1108,2496 1077,2478 896,2485 878,2475 849,2488 803,2485 783,2470 762,2485 655,2483 588,2498 537,2488 504,2498 488,2488 371,2490 348,2472"/>
        <Baseline points="345,2462 803,2460 924,2455 1031,2455 1487,2452 1564,2439 1653,2442 1873,2429 2170,2432"/>
        <TextEquiv>
          <Unicode>transportables ou intransportés, ou achevés par les Allemands:</Unicode>
        </TextEquiv>
      </TextLine>

    
    
      <TextLine id="eSc_line_230143" >
        <Coords points="350,2560 371,2521 391,2526 427,2511 460,2531 478,2516 573,2524 593,2506 637,2539 673,2511 729,2544 791,2508 814,2521 896,2513 929,2531 972,2511 1016,2511 1049,2534 1098,2496 1149,2529 1182,2506 1223,2506 1262,2529 1282,2513 1359,2513 1372,2503 1395,2513 1433,2496 1472,2513 1492,2498 1541,2508 1617,2498 1640,2516 1720,2488 1756,2513 1784,2490 1812,2488 1840,2513 1881,2485 1925,2501 1958,2488 1994,2501 2022,2485 2076,2511 2094,2496 2142,2496 2152,2529 2145,2554 2104,2572 2073,2547 1937,2562 1904,2549 1889,2560 1838,2549 1771,2562 1751,2547 1676,2572 1643,2552 1628,2565 1600,2560 1546,2572 1384,2567 1305,2580 1251,2567 1182,2585 1144,2562 1113,2580 988,2583 942,2572 880,2588 862,2577 739,2577 663,2593 555,2588 527,2575 499,2590 463,2572 445,2585 376,2593 353,2580"/>
        <Baseline points="353,2560 768,2557 844,2552 1249,2554 1377,2547 1482,2547 1525,2542 1692,2544 1745,2539 1950,2539 1996,2531 2155,2531"/>
        <TextEquiv>
          <Unicode>car c’est là encore une de ces aggravations que je n’avais pu</Unicode>
        </TextEquiv>
      </TextLine>

    
    
      <TextLine id="eSc_line_230140" >
        <Coords points="360,2654 366,2621 417,2621 465,2593 483,2608 512,2585 604,2588 670,2634 691,2616 711,2621 732,2608 768,2611 796,2634 837,2603 893,2616 936,2616 952,2603 977,2618 998,2600 1016,2616 1064,2613 1088,2626 1159,2590 1180,2608 1208,2600 1226,2611 1282,2595 1320,2624 1341,2606 1390,2611 1423,2595 1512,2608 1543,2583 1574,2595 1597,2577 1653,2598 1679,2585 1725,2600 1794,2580 1817,2593 1853,2590 1889,2618 1932,2583 1945,2593 1984,2583 2019,2611 2063,2585 2101,2593 2129,2580 2170,2585 2183,2629 2170,2662 2042,2657 2024,2644 2007,2654 1925,2657 1902,2641 1876,2662 1592,2659 1548,2677 1515,2654 1484,2670 1441,2657 1413,2677 1402,2667 1354,2677 1320,2667 1303,2682 1280,2667 1192,2672 1169,2657 1144,2675 1082,2667 1067,2680 865,2677 837,2688 788,2664 768,2680 711,2685 670,2672 645,2688 366,2685"/>
        <Baseline points="363,2657 980,2652 1064,2649 1103,2644 1405,2644 1474,2639 1564,2634 1866,2634 1925,2631 2186,2631"/>
        <TextEquiv>
          <Unicode>concevoir ; les Allemands ne font pas de prisonniers, non seule-</Unicode>
        </TextEquiv>
      </TextLine>

    
    
      <TextLine id="eSc_line_230144" >
        <Coords points="345,2749 353,2700 373,2718 458,2711 491,2734 512,2718 593,2713 619,2731 650,2705 696,2708 706,2718 744,2685 770,2685 788,2670 834,2698 865,2680 901,2682 936,2713 965,2716 1013,2713 1031,2698 1052,2705 1070,2690 1103,2693 1139,2723 1172,2698 1239,2705 1262,2721 1290,2700 1384,2705 1423,2677 1497,2716 1528,2690 1541,2695 1551,2685 1571,2700 1602,2677 1635,2695 1669,2685 1735,2693 1761,2713 1802,2690 1835,2693 1848,2677 1889,2693 1927,2677 1976,2716 2009,2690 2032,2682 2058,2695 2078,2680 2094,2690 2117,2682 2124,2723 2114,2752 2014,2754 1986,2744 1963,2764 1945,2752 1856,2752 1827,2769 1756,2754 1664,2764 1646,2749 1620,2764 1579,2754 1546,2767 1495,2746 1474,2764 1420,2759 1323,2775 1256,2762 1231,2775 1157,2772 1144,2762 1118,2780 1088,2767 1034,2777 952,2772 931,2790 903,2769 875,2782 844,2767 803,2777 783,2795 760,2780 691,2775 640,2795 604,2767 591,2782 552,2792 540,2785 504,2798 440,2780 414,2795 384,2780 350,2803"/>
        <Baseline points="346,2751 698,2752 1262,2749 1418,2744 1543,2736 1689,2739 1753,2734 2127,2726"/>
        <TextEquiv>
          <Unicode>ment par crainte d’avoir à les nourrir et à les garder, mais</Unicode>
        </TextEquiv>
      </TextLine>

    
    
      <TextLine id="eSc_line_230151" >
        <Coords points="174,2905 176,2844 230,2877 261,2856 289,2869 363,2862 404,2839 499,2869 552,2836 576,2859 606,2856 627,2836 657,2862 673,2849 716,2862 752,2859 768,2846 783,2859 849,2836 865,2851 926,2846 944,2828 1016,2859 1052,2836 1075,2839 1098,2862 1144,2862 1177,2844 1218,2851 1246,2828 1269,2844 1295,2831 1310,2846 1328,2826 1354,2844 1377,2826 1392,2841 1413,2831 1482,2841 1515,2823 1566,2854 1574,2882 1569,2933 1551,2931 1538,2944 1495,2915 1474,2915 1423,2944 1392,2926 1369,2949 1336,2928 1285,2938 1264,2918 1241,2933 1200,2923 1164,2936 1154,2926 1131,2933 1111,2918 1095,2933 1072,2938 1054,2928 1036,2941 970,2920 957,2933 919,2931 898,2954 888,2944 844,2954 791,2946 773,2931 709,2946 683,2928 657,2931 642,2946 578,2944 565,2956 550,2944 476,2949 465,2959 442,2946 422,2956 376,2931 335,2956 312,2956 291,2936 250,2951 227,2928 207,2946 179,2949"/>
        <Baseline points="176,2908 312,2905 683,2903 844,2897 965,2890 1113,2892 1433,2880 1523,2882 1576,2884"/>
        <TextEquiv>
          <Unicode>à Monsieur le Président Nicholas Murray BUTLER</Unicode>
        </TextEquiv>
      </TextLine>

    
    
      <TextLine id="eSc_line_230154" >
        <Coords points="491,3000 496,2954 601,2969 698,2964 727,2946 727,3031 693,3046 683,3036 611,3036 599,3025 565,3041 552,3031 496,3036"/>
        <Baseline points="491,3000 732,3000"/>
        <TextEquiv>
          <Unicode>NEW-YORK</Unicode>
        </TextEquiv>
      </TextLine>

    
    </TextRegion>
    
  </Page>
</PcGts>
