2304 3072
727 117 898 209 - 3 -
243 245 1991 381 leur vie a venger sa mort ! comment elle-même, sans nouvelles
256 355 2024 471 de son fils, combattant aux avant-postes, peut-elle vivre sans
273 453 2048 570 faire à chaque seconde le voeu qu’il tue plûtot que d'être tué?
542 550 1894 660 Encore une fois, pour ce qui concerne la France,
250 642 1907 752 nos premiers revers n'ont fait qu’exalter le sentiment na-
261 734 1991 839 tional, fortifier la résolution unanime de vaincre ou de mou-
256 834 2019 942 rir. Il est essentiel qu'on sache bien cela aux Etats-Unis et
268 924 1917 1026 qu'on s’en inspire si on veut intervenir sans froisser les
263 1016 1996 1121 plus nobles scrupules. Nous aurions perdu moins de monde peut-
256 1108 1994 1223 être et nous aurions eu plus de force si nous avions gaspillé
258 1200 2009 1313 moins d’argent en cuirassés et si nous avions concentré, comme
245 1295 2042 1402 je l'ai toujours demandé, nos ressources sur la préparation mi-
266 1390 1838 1497 litaire, avec moins d'hommes armés, plus de camps d’ins-
256 1479 1886 1592 truction. La justesse de toute notre thèse d'éducation, là
256 1576 1978 1684 comme ailleurs, là comme partout, se vérifie: c’est le syst è-
261 1664 1937 1776 me de la domination militaire prussienne, avec sa contagion
258 1763 1960 1868 qui a été le mal et qui doit disparaître, et ce système lui-
258 1856 1976 1960 même est né de l’impérialisme Napoléonien. La lutte est tou-
266 1953 1940 2065 jours et plus que jamais entre l’impérialisme et la liberté,
263 2050 1044 2158 entre la Force et le droit.
550 2129 2017 2247 Puissiez-vous, aux Etats-Unis, vous en rendre compte
263 2229 2019 2350 pour éviter de tomber, a votre tour, dans l’erreur Européenne.
271 2373 1925 2470 C'est ce que j’avais voulu faire pénétrer partout dans ces
284 2444 1996 2565 conférences que vous aviez si bien organisées, aux Etats-Unis
289 2542 2001 2649 et ce que j’exposais dans mon livre, hélas! sacrifié ; certes
276 2641 1991 2754 je suis loin de m’attarder à des préoccupations personnelles,
279 2736 1966 2849 mais il m'eût été doux d’avoir pu servir au moins votre pays
291 2828 1290 2956 si j'ai été impuissant dans le mien.
