2304 3072
734 135 1600 263 LETTRE N° 7 (19 Octobre 1914)
227 363 1960 496 Toujours contre la paix à tout prix. Interview au "New York
238 529 460 627 Times".
243 629 1510 724 La responsabilité de l’empereur Guillaume II
227 711 1996 834 Les neutres.-. La neutralité ne doit pas être l’indifférence.
250 1095 1932 1200 Encore des blessés.- Nos médecins militaires.-. L'Allemagne
240 1190 2019 1310 hors la loi.- Mort héroïque de mon collègue, le Sénateur Emile
253 1287 488 1382 Reymond.
245 1377 1907 1495 Les haines survivront à la guerre. - La France saignée une
271 1474 1968 1589 fois de plus - La leçon de la guerre confirmera notre ensei-
248 1566 1231 1707 gnement et justifiera nos efforts.
