2304 3072
860 89 1054 209 - 3 -
99 243 2275 378 meubles, fixtures, etc, etc. Elle souille invariablement de ses ordures
102 358 2152 465 les tapis, le linge lacéré, etc, etc. Ensuite, quand le temps ne lui
81 458 2145 565 manque pas, elle met le feu. Ses équipes d’incendiaires sont organi-
81 565 2193 665 sées comme chez vous les équipes de pompiers ; et, si un courageux té-
79 663 2160 770 moin de ces incendies volontaires tente de les éteindre, on le brûle
94 768 2112 875 avec la maison ou on le fusille. €C'es€ Ces équipes sont pourvues de
92 860 2176 967 tout un matériel spécial de destruction, comme vos compagnies de pom-
102 967 2224 1080 piers ont leurs appareils de sauvetage ; elles se sont exercées partout
87 1057 2260 1175 sur leur passage, avec les procédés et les moyens d’action les plus va-
81 1167 2163 1267 riés ; elles ne se bornent pas à l’incendie, leur tâche plus vaste et
84 1264 2247 1369 plus infernale encore est la destruction de tout ; c’est ainsi que, dans
92 1364 2227 1469 le nord, elles ont inondé nos mines de charbon, détruit les ascenseurs,
102 1466 2152 1569 les ventilateurs, tout le matériel d'exploitation et de secours, les
84 1566 2224 1674 rendant inutilisables pendant des mois et davantage. De même elles ont
94 1669 2234 1786 détruit les usines de tissage, de lainage, de teinture, les raffineries
102 1774 1397 1881 les forges, tout ce qui fait vivre le pays.
240 1861 2155 1976 Mais, pour m'en tenir au simple incendie d’une ville et de Sen-
94 1963 2224 2083 lis en particulier, l’ordre dans la dévastation m’a véritablement stu-
102 2068 2176 2178 péfié ; ce n’est plus la barbarie, c’est le progr ès moderne au service
97 2173 568 2270 de la barbarie.
258 2263 2160 2375 La plupart des maisons étant entourées de jardins se trouvaient
102 2357 2094 2467 à l'abri d’un incendie général. L’armée allemande ne disposait pas
97 2455 2104 2567 à Senlis des obus spéciaux qu’elle emploie avec tant de succès ail-
102 2554 2104 2667 leurs, par exemple à Reims, pour mettre le feu aux édifices et pul-
112 2649 2040 2764 vériser jusqu’aux pierres ; elle n’avait sans doute qu’un matériel
122 2749 1968 2862 d’artillerie relativement inférieur ; c’est ce que me racontent
104 2846 2081 2974 les habitants en me montrant les obus qu’ils ont ramassés par cen-
