2304 3072
865 40 2032 179 Clermont-Créans (Sarthe) le 18 Septembre.
1876 140 2022 209 1914
760 458 875 545 N° 5
537 614 1018 752 Mon cher Butler,
578 796 1963 916 Je reçois régulièrement ici votre courrier de/s
266 893 2152 1013 Etats-Unis, celui d'Angleterre, de Suisse, de Russie et la plu-
266 993 2106 1088 part des pays autres que l’Allemagne et l'Autriche isolées ma-
273 1100 2019 1182 tériellement autant que moralement du reste de l'Europe. Je
273 1185 1994 1308 vous remercie pour vos journaux illustrés trés appréciés à
279 1292 1999 1408 Créans, de même que vos "cuttings", si j’avais pu avoir en
286 1384 2083 1502 double ou même en triple exemplaire le compte rendu homérique
273 1484 2099 1602 de votre expédition des Argonautes sur le "Principe di Udine "
276 1574 2083 1699 j'en aurais fait plusieurs heureux ; je l’ai confié à Ruyssen,
284 1664 2050 1763 avec prière de le résumer pour la "paix par le Droit", comme
263 1776 1344 1866 un document historique de la guerre.
593 1868 1994 1996 Les opérations militaires se poursuivent dans le
302 1963 2001 2099 sens que vous faisaient prévoir mes précédentes lettres et
284 2050 2030 2196 en dépit de toute apparence contraire. La violence a manqué
304 2163 2022 2293 son coup ; elle aura beau redoubler de rage, elle remportera
286 2257 2081 2398 peut-être encore d'inutiles victoires, mais elle ne peut plus
289 2352 2040 2488 faire que du mal : malheureusement elle en peut faire et elle
294 2455 2027 2583 en fait encore beaucoup ; elle ravage la France comme elle a
271 2547 2048 2685 ravagé la Belgique systématiquement. Il fallait s’y attendre
296 2636 2112 2780 l'orgueil d’un Empire ne se laisse pas abattre sans une lutte
294 2739 2035 2869 acharnée ; le Gouvernement Allemand dispose des forces vives
294 2839 2004 2984 d'un peuple jeune et en pleine croissance. Un jour viendra
