2304 3072
949 102 1128 189 - 3 -
279 230 2078 358 dit les super-Dreadnoughts allemands. Quant à nos chemins de
279 337 2168 463 fer, des trains sans nombre et sans fin se succèdent ou se croi-
258 445 2191 565 sent nuit et jour, sur toutes nos lignes, des Alpes, des Pyrénées
279 540 2091 657 et de l'Océan jusqu’aux Vosges, transportant les troupes fran-
273 642 2132 765 çaises et même anglaises, leurs munitions, leur matériel en or-
273 744 2122 862 dre parfait, pour revenir à vide ou ramener les convois de pri-
268 844 2101 957 sonniers et de blessés dont les campements ou les hôpitaux vo-
281 942 2091 1059 lontaires ou publics sont prêts dans toutes nos petites villes
268 1047 913 1152 du sud ou de l'ouest.
576 1136 1968 1244 La mobilisation, commencée il y a treize jours,
256 1241 2078 1346 est aujourd'hui accomplie ; elle s’est faite exactement, comme
258 1341 2040 1446 par un mouvement d’horlogerie, dans les délais prévus depuis
258 1436 2150 1553 vingt années, par l'Etat-Major, avec un entrain incroyable, ame-
258 1541 2109 1646 nant à leur poste tous les hommes de l’armée active, de la ré-
279 1640 2081 1740 serve, de la territoriale: dans toutes les villes ou villages
279 1735 2129 1843 même ceux où passent à heure fixe jusqu’à cent cinquante trains
281 1832 2071 1950 militaires par jour, les femmes se sont organisées pour aller
258 1940 2053 2037 à la gare distribuer aux soldats et aux officiers, fraternel-
268 2030 2152 2142 lement unis, des fleurs des boissons fraîches, des fruits ; nulle
258 2127 2050 2240 part l’alimentation des troupes ne laisse à désirer ; l'argent
263 2222 2063 2342 est réservé avant tout à l’armée, à tel point que les Banques
279 2321 1991 2437 refusent momentanément de servir aux particuliers leurs dé
279 2421 2022 2536 pôts, afin de tenir à la disposition de l'Etat tout leur nu-
276 2506 2078 2634 méraire possible. Et personne ne se plaint, au contraire ; les
271 2611 2073 2739 livraisons de quantités énormes de foin, de blé, de bestiaux se
271 2700 2183 2833 font à l’heure dite, jour par jour, comme si tout cela fonction-
276 2803 2055 2895 nait depuis des années. C'est la nation entière qui s'est mo-
