2304 3072
729 84 903 186 - 4 -
112 163 2101 317 beaucoup si la commission devait élargir son terrain et se rendre
115 276 1932 417 en Russie, en Autriche, en Serbie, en Turquie, au Japon ? Et
104 378 2058 517 surtout aupr ès du Gouvernement allemand qu’elle risquera fort de
92 486 1472 609 prendre en flagrant délit de mensonge.......
460 593 1953 719 Ici je résume toutes les objections que j'ai déjà
115 693 2091 816 faites si souvent. Une enquête partielle est relativement facile
102 796 2094 924 mais insuffisante. Une enquête générale et compl ète pendant que
107 901 2048 1018 la guerre dure encore, n'est concevable qu’avec l'assentiment et
107 995 2114 1118 sur la demande expresse de tous les Gouvernements intéressés, com-
122 1098 2124 1216 ment attendre cet assentiment des Gouvernements allemand et autri-
115 1205 2076 1323 chien, puisqu’il sont les agresseurs ? Autant les prier de signer
104 1300 2068 1420 eux-mêmes, par avance, leur propre condamnation. A supposer pour-
107 1402 2119 1518 tant, par impossible, que vous obteniez un assentiment général, la
128 1507 2068 1615 commission devra préciser les faits, c’est-à-dire les accusations
107 1600 2114 1717 monstrueuses et vraies qui résultent déjà de la seule vue des jou-
117 1704 2112 1815 naux illustrés ; elle ne pourra contenter les uns qu’à la condition
117 1807 2091 1927 de mécontenter les autres ; elle brouillera les Etats-Unis avec la
112 1912 2155 2019 la France si elle se refuse à les brouiller à fond avec l’Allemagne
115 2017 2060 2119 et inversement. En réalité, sa tache sera impossible. Déjà nous
122 2099 2109 2219 n’avons pas pu éviter€é€ les ressentiments d’une partie des belligé-
104 2196 1989 2314 rants dans la guerre des Balkans, mais il s’agissait seulement
107 2296 2170 2414 alors des Balkans.... La colère des plus grands Etats Européens c’est
117 2393 2101 2516 tout autre chose... Et si la commission ne se réunit que pour ob-
102 2488 1996 2611 server des ménagements diplomatiques, elle fera mieux de rester
117 2595 1582 2713 aux Etats-Unis. Elle désappointera tout le monde.
435 2682 2065 2808 C'es objections sont, à mon avis, décisives quant à la
115 2787 2032 2923 réunion d'une commission d’enquête générale. Reste à savoir si,
