2304 3072
936 71 1123 171 - 5 -
104 222 2150 337 culture allemande ", de la culture humaine, se saisissent parfois de
104 330 2078 442 tout ce qu’ils trouvent dans la rue d’habitants, sans distinction
92 424 2170 547 d'âge ni de sexe, soit pour les pousser devant eux et s’en faire ces
104 537 2158 645 boucliers de chair humaine dont on a tant parlé, soit pour les emme-
125 642 2091 742 ner comme otages ou pour en faire des prisonniers. Tout cela varie
104 737 2168 842 selon la région, selon les chefs dont quelques uns heureusement font
104 844 2193 944 exception ; c’est ainsi qu’ils ont pris, dans le nord, un grand nombre
125 942 2193 1047 de tout jeunes gens qu’ils envoient en Allemagne pour remplacer leurs
115 1041 2096 1144 ouvriers mobilisés, et que, du même coup, ils empêchent de grandir
104 1146 2078 1246 en France pour les combattre. A Lille ils ont enlevé par milliers
104 1241 2206 1351 des jeunes gens de 15, 16, 17 ans dans la population civile ; mes jeu-
94 1333 2132 1441 nes réfugiés de Créans avaient à grand peine réussi à leur échapper.
227 1438 2119 1541 A Senlis ils ont naturellement trouvé moins de ressources ; ils
110 1538 2058 1643 se sont bornés à faire prisonniers le maire de la ville et un cer-
112 1635 2053 1740 tain nombre de notables ; pour faire un exemple mémorable ils ont
1871 1612 1996 1676 l'
107 1743 2071 1845 contraint à assister, avant de mourir, à l’exécution de ses compa-
104 1835 2094 1943 gnons ; au préalable ils lui avaient fait creuser sa fosse ; son tou-
115 1935 2142 2065 venu, ils se sont amusés à l'y ensevelir les pieds en l'air, la tête
120 2035 366 2137 au fond.
248 2122 2078 2229 Trouvez-vous qu’il y ait grande différence entre ces infamies
122 2232 2122 2337 et celles que nous avons voulu flétrir en publiant, il y a quelques
115 2324 2014 2432 mois seulement, notre enquête sur les atrocités des deux guerres
138 2429 522 2526 balkaniques ?
284 2503 2112 2616 mon ; et maintenant voilà ces deux guerres qui vont être suivies
125 2600 2081 2708 d!une troisi ème où le fanatisme musulman, prenant ses revanches en
117 2703 2032 2810 Europe, en Afrique, en Asie, va surenchir sur toutes les horreurs
115 2792 2275 2931 du passé et fournir au militarisme allemand un auxiliaire qui le compléte.
