2304 3072
1011 110 1743 222 Clermont-Créans (Sarthe)
1425 166 2001 266 le 8 Septembre 1914
824 417 962 488 N°3
570 606 1047 678 Mon cher Keppel,
448 724 2176 849 Votre affectueuse lettre du 21 Août par laquelle vous nous
304 826 2183 944 exprimez de si chaleureuses sympathies nous a été au coeur. Vous
314 931 2009 1039 avez compris que la France lutte pour le droit et la paix;
312 1026 2183 1141 Soyez sûr qu'elle résistera jusqu'au dernier homme avec la certi-
304 1123 2142 1236 tude qu'elle défend plus qu’elle même, la civilisation. Jamais
304 1223 2150 1331 je n'avais mesuré ni même soupçonné à quel degré de sauvagerie
304 1320 2145 1433 la violence déchaînée peut abaisser l'homme ; je croyais que le
296 1420 2204 1530 monde ne pourrait plus revoir le temps du massacre des innocents
304 1523 2083 1625 je me trompais ; nous sommes revenus à la barbarie et l’armée
314 1615 2117 1728 prussienne ne nous laisse d’autre alternative que la victoire
309 1712 2048 1827 ou l’extermination. Fût-elle maîtresse de Paris, ce dont je
309 1809 2122 1925 doute, et de la moitié de la France, elle trouvera finalement
309 1912 1735 2019 l'autre moitié qui l’ensevelira sous ses ruines.
614 2009 2086 2117 Vous ne pouvez imaginer la noble passion réfléchie
304 2106 1989 2222 que chacun met en France à organiser la lutte à outrance.
312 2206 2124 2314 Chacun, dans chaque famille, a donné ce qu’il a de plus cher,
320 2301 2088 2414 ses enfants, son espérance, son amour ; le reste pèse peu: je
320 2401 2091 2508 vois sous mes yeux la défense nationale, dèjà très bien pré-
314 2501 2181 2613 parée de longue date, se parachever pour durer indéfiniment.....
309 2595 2083 2705 des mois, des années, s’il le faut. Le Pays s’est mis sur le
314 2695 2132 2810 pied de s’alimenter parfaitement tout en alimentant les armées
314 2790 1428 2915 qui n'ont jamais été si bien nourries.
92 2918 1456 3051 Monsieur KEPPEL Columbia University NEW-YORK
