2304 3072
721 79 906 166 - 3 -
212 217 2101 335 que chacun comprend, sauf les Prussiens, et c’est ce qui exalte
243 340 2050 427 les âmes ! Et c’est aussi la certitude qu’il y a une justice
217 442 1863 563 et que l’Empire/Allemand paiera le mal qu’il aura fait.
512 537 2088 632 Tout le malheur, je le répète, vient du crime commis
220 645 2117 734 il y a 43 ans et que nous avons accepté pour ne pas recommencer
232 742 2060 855 la guerre ; notre résignation n'a pas suffi ; elle n’a pas fait
235 842 2058 952 disparaître le mal ;le Gouvernement allemand n’en a pas moins
232 916 1920 1052 été obligé de le confirmer chaque jour ; le malheur a été
240 1016 2024 1134 l’annexion de l’Alsace-Lorraine par la force. C’est cela que
235 1113 2022 1241 les Allemands paient aujourd'hui : c’est cela qu’ils paieront
232 1213 1866 1331 aussi longtemps qu’ils n’auront pas racheté leur faute.
243 1310 2060 1441 Ici la France est irréprochable ; elle a résisté aux chauvins;
245 1410 2030 1536 nos élections générales, les conférences de Berne et de Bâle
243 1530 1986 1635 ont prouvé que, loin de chercher la revanche, elle voulait
256 1605 2091 1743 par des concessions mutuelles, arriver dignement à la réconci-
243 1717 2147 1858 liation dans la paix. Les Allemands paient aujourd'hui leur fau-
250 1825 2099 1943 te de 1870-71, parce que cette faute les a corrompus, empoison-
256 1925 2058 2037 nés. Je l'ai dit mille fois. Pour conserver sous leur domina-
266 2024 1968 2160 tion ces deux infortunées provinces, il a fallu les garder
248 2122 2060 2237 de force, instituer un régime de force, et, pour cela, chaque
256 2214 2053 2332 jour faire à rebours une éducation nouvelle du pays, fausser
271 2309 2050 2424 la vérité, égarer les consciences, présenter à tous et à soi-
263 2408 2012 2529 même le mal pour le bien. Mais un tel regime, inconciliable
266 2488 2050 2634 avec le progrès moderne des moeurs, des idées, de la science,
256 2588 2037 2726 ne pouvait durer sans un redoublement paradoxal de force, de
263 2677 2147 2798 brutalité même, en pleine paix ; il a fallu prévenir les révoltes
294 2782 1999 2900 par des répressions comme celle de Saverne qui ont soulevé
