<?xml version="1.0" encoding="UTF-8"  standalone="yes"?>
<PcGts xmlns="http://schema.primaresearch.org/PAGE/gts/pagecontent/2019-07-15" xmlns:xsi="http://www.w3.org/2001/XMLSchema-instance" xsi:schemaLocation="http://schema.primaresearch.org/PAGE/gts/pagecontent/2019-07-15 http://schema.primaresearch.org/PAGE/gts/pagecontent/2019-07-15/pagecontent.xsd">
  <Metadata>
	<Creator>escriptorium</Creator>
	<Created>2021-03-18T09:57:19.215070+00:00</Created>
    <LastChange>2021-03-18T09:57:19.215092+00:00</LastChange>
  </Metadata>
  <Page imageFilename="P1110460.JPG" imageWidth="2304" imageHeight="3072">

    

    
    <TextRegion id="eSc_dummyblock_">
    
    
      <TextLine id="eSc_line_350010" >
        <Coords points="860,48 865,20 896,23 919,2 949,7 970,28 988,12 1024,20 1024,81 980,66 947,94 901,58 888,71 865,66"/>
        <Baseline points="860,48 1029,48"/>
        <TextEquiv>
          <Unicode>- 2 -</Unicode>
        </TextEquiv>
      </TextLine>

    
    
      <TextLine id="eSc_line_350011" >
        <Coords points="158,202 163,158 176,148 199,158 220,151 245,171 273,151 289,161 332,140 376,161 414,145 453,171 481,153 514,151 542,166 581,143 606,156 624,148 680,161 706,140 729,140 783,171 814,148 893,161 942,158 957,145 1006,145 1029,158 1054,145 1075,161 1113,148 1187,161 1203,148 1236,158 1295,143 1382,166 1402,153 1464,163 1484,148 1543,158 1582,148 1600,158 1620,145 1633,153 1676,143 1776,156 1848,143 1891,166 1943,145 1976,166 2032,138 2073,161 2137,163 2145,202 2129,225 2068,225 2035,245 2017,235 1955,258 1912,243 1866,271 1786,240 1745,250 1674,240 1635,256 1610,238 1564,261 1530,240 1489,256 1415,230 1377,258 1338,240 1303,253 1274,238 1249,248 1182,245 1164,258 1118,238 1049,250 1003,232 947,250 921,240 875,250 857,238 832,250 770,238 719,250 657,230 611,240 558,230 532,240 460,220 384,238 291,225 179,232 163,222"/>
        <Baseline points="158,202 250,197 2042,197 2145,202"/>
        <TextEquiv>
          <Unicode>de voir à la fois le &quot;New-York Times&quot;, et le vieux &quot;Temps&quot; de Paris</Unicode>
        </TextEquiv>
      </TextLine>

    
    
      <TextLine id="eSc_line_350012" >
        <Coords points="151,286 168,268 238,250 250,261 294,261 345,248 391,266 483,261 494,250 514,271 537,258 606,263 637,250 652,261 732,253 742,263 770,263 783,250 849,263 913,250 934,268 947,258 954,302 947,355 921,335 903,348 890,337 870,345 826,335 785,350 742,340 727,355 709,337 591,343 573,330 481,340 453,325 432,337 363,325 337,337 194,337 181,350 153,322"/>
        <Baseline points="153,288 215,299 916,299 957,304"/>
        <TextEquiv>
          <Unicode>publier mes protestations.</Unicode>
        </TextEquiv>
      </TextLine>

    
    
      <TextLine id="eSc_line_350013" >
        <Coords points="483,399 486,371 514,345 558,355 578,376 609,345 634,363 680,358 704,343 727,360 770,358 788,376 811,355 860,360 872,350 957,363 990,353 1016,366 1062,348 1088,373 1103,358 1136,353 1159,363 1310,363 1349,353 1359,363 1423,360 1469,376 1495,350 1559,366 1574,353 1589,366 1615,353 1676,378 1710,345 1728,363 1761,371 1835,350 1871,366 1896,360 1907,396 1899,448 1856,468 1779,412 1712,445 1681,440 1651,453 1607,437 1551,460 1497,430 1443,448 1423,440 1408,453 1377,440 1349,455 1290,430 1256,455 1221,440 1198,453 1167,424 1103,460 1088,445 1064,455 1044,440 972,445 960,455 926,435 908,445 896,435 724,437 680,453 670,442 614,450 596,437 486,437"/>
        <Baseline points="483,399 558,399 586,404 1000,404 1064,399 1331,396 1364,391 1861,391 1907,396"/>
        <TextEquiv>
          <Unicode>Le numéro du&#39;Temps&quot; d’avant-hier 14 que je vous</Unicode>
        </TextEquiv>
      </TextLine>

    
    
      <TextLine id="eSc_line_350014" >
        <Coords points="151,499 156,465 192,453 263,463 317,455 371,478 394,460 476,463 491,450 519,450 537,465 599,453 645,468 688,455 747,465 773,448 801,463 847,450 949,465 975,455 1111,460 1154,448 1180,468 1200,455 1241,463 1295,453 1323,471 1349,453 1425,463 1448,453 1466,468 1487,455 1664,463 1684,445 1704,460 1838,460 1856,473 1871,460 1963,460 1978,450 2004,468 2027,450 2073,445 2096,463 2104,491 2096,537 2083,545 2058,550 2001,509 1940,555 1917,542 1886,555 1871,542 1848,552 1809,540 1774,555 1751,537 1651,555 1617,529 1569,550 1489,532 1472,542 1423,537 1402,552 1372,555 1344,555 1318,537 1287,555 1267,537 1251,547 1190,537 1159,547 1093,540 1021,550 975,540 947,552 901,537 885,550 852,537 806,550 757,535 729,550 670,537 596,540 576,552 555,537 504,547 481,529 422,542 396,532 327,535 312,547 256,524 179,540 156,527"/>
        <Baseline points="153,501 435,506 465,501 588,499 2106,494"/>
        <TextEquiv>
          <Unicode>envoie contient une lettre de moi dont j’ai profité pour vous dé-</Unicode>
        </TextEquiv>
      </TextLine>

    
    
      <TextLine id="eSc_line_350015" >
        <Coords points="163,601 168,576 192,558 271,565 302,547 350,581 401,552 435,565 499,563 517,576 542,555 586,560 609,578 655,550 729,568 775,545 808,563 883,558 906,576 944,558 1026,558 1057,573 1080,555 1103,563 1128,547 1159,563 1395,552 1441,573 1474,547 1518,560 1594,550 1679,568 1710,547 1838,563 1856,547 1886,560 2019,560 2037,547 2055,560 2086,550 2104,558 2112,599 2078,632 2058,619 2024,622 1971,650 1909,647 1873,619 1804,652 1745,634 1733,642 1717,629 1694,645 1671,634 1635,650 1587,622 1564,640 1525,640 1487,660 1451,632 1392,652 1346,627 1318,647 1272,632 1251,645 1213,637 1149,655 1100,637 1057,652 1034,634 1013,642 993,624 926,650 849,632 832,645 783,642 747,624 688,650 670,640 624,647 609,634 537,642 506,632 478,647 417,632 248,640 168,629"/>
        <Baseline points="163,601 227,609 340,609 366,604 424,604 473,596 2112,599"/>
        <TextEquiv>
          <Unicode>gager, dans le cas où on vous reprocherait d’avoir laissé publier</Unicode>
        </TextEquiv>
      </TextLine>

    
    
      <TextLine id="eSc_line_350016" >
        <Coords points="153,701 158,678 181,660 289,670 302,660 414,663 437,645 468,663 494,655 512,665 547,652 599,663 673,652 696,670 721,652 747,663 990,650 1016,663 1075,650 1098,665 1152,652 1282,665 1315,652 1415,650 1441,670 1464,652 1607,663 1628,655 1656,678 1710,650 1756,663 1802,652 1835,668 1848,657 1958,647 2009,670 2045,645 2060,657 2135,655 2142,693 2135,732 2122,742 2068,742 2040,755 2014,742 1994,750 1966,727 1909,750 1876,732 1838,752 1802,739 1766,757 1717,727 1699,734 1679,719 1646,744 1579,739 1553,721 1507,739 1461,724 1425,750 1402,732 1346,750 1303,732 1200,744 1180,737 1118,755 1082,734 1036,752 1013,734 980,750 944,750 903,732 865,737 847,724 791,750 770,734 719,739 691,719 657,744 555,729 522,750 437,727 384,744 358,734 317,747 294,734 271,750 235,734 189,744 158,724"/>
        <Baseline points="153,701 1144,698 2104,701 2142,693"/>
        <TextEquiv>
          <Unicode>vos appréciations personnelles ; dans cette lettre, j’ai cité, sans</Unicode>
        </TextEquiv>
      </TextLine>

    
    
      <TextLine id="eSc_line_350017" >
        <Coords points="171,798 176,760 256,775 312,757 345,768 358,757 373,765 435,755 465,770 504,752 552,765 586,757 609,773 655,747 686,744 709,762 737,750 814,762 837,744 865,757 906,747 1070,760 1088,750 1139,773 1182,742 1223,760 1236,750 1267,773 1323,750 1420,757 1436,747 1528,768 1571,739 1615,760 1676,760 1722,744 1763,760 1789,750 1858,752 1881,768 1932,744 1973,770 2004,750 2063,757 2094,747 2117,765 2147,752 2155,796 2060,844 2045,837 2009,847 1991,837 1958,847 1930,834 1912,839 1896,826 1845,844 1812,821 1789,837 1766,821 1730,842 1699,819 1640,852 1615,834 1600,844 1574,832 1553,839 1528,819 1497,842 1482,832 1456,852 1433,834 1372,824 1338,844 1310,826 1259,847 1236,837 1146,844 1123,832 1085,847 1062,832 1034,849 1008,829 983,847 942,834 870,847 826,832 791,842 757,832 683,837 663,821 632,839 614,829 560,844 514,834 491,844 471,834 458,844 435,832 373,855 335,829 320,842 276,842 248,826 199,844 176,839"/>
        <Baseline points="171,798 675,803 811,798 880,791 2122,791 2155,796"/>
        <TextEquiv>
          <Unicode>le nommer pour ne pas lui nuire, les extraits inquiétants du jour-</Unicode>
        </TextEquiv>
      </TextLine>

    
    
      <TextLine id="eSc_line_350038" >
        <Coords points="163,896 168,847 227,865 248,855 276,872 314,855 345,855 366,872 391,852 453,860 519,844 555,872 596,849 642,872 675,847 729,870 752,852 773,865 796,849 849,875 901,847 939,872 965,852 1041,860 1057,849 1072,862 1121,844 1164,862 1200,847 1231,870 1282,847 1308,860 1331,852 1359,875 1387,849 1423,860 1605,860 1623,849 1671,857 1687,844 1722,860 1774,855 1799,870 1815,857 1863,857 1879,847 1894,857 1968,849 1986,860 2063,862 2071,885 2060,947 2012,942 1996,954 1968,934 1955,944 1853,936 1830,947 1789,913 1735,957 1692,942 1679,949 1646,924 1612,942 1574,929 1543,934 1525,921 1502,936 1482,926 1446,942 1420,921 1395,929 1379,919 1354,942 1338,931 1318,947 1292,926 1259,952 1246,942 1187,947 1141,936 1039,949 1011,931 977,939 962,926 944,939 896,926 842,949 785,924 755,939 647,926 616,942 604,931 568,939 514,924 483,939 430,929 355,942 314,924 271,936 168,931"/>
        <Baseline points="166,898 243,906 302,901 371,901 1177,893 1978,896 2073,888"/>
        <TextEquiv>
          <Unicode>hal de Fried et je les ai apposés à une correspondance publique</Unicode>
        </TextEquiv>
      </TextLine>

    
    
      <TextLine id="eSc_line_350018" >
        <Coords points="176,1003 181,962 197,954 335,962 355,949 389,962 412,954 437,975 473,947 512,962 542,952 609,965 634,949 668,960 693,949 752,960 785,949 842,977 875,949 919,942 952,965 988,942 1062,962 1134,939 1154,957 1187,949 1213,970 1233,952 1328,962 1372,942 1395,954 1484,952 1505,967 1553,952 1843,960 1881,942 1899,957 1953,952 1978,972 2035,949 2050,960 2058,995 2050,1039 1994,1018 1963,1041 1930,1039 1907,1021 1881,1041 1866,1029 1845,1029 1825,1047 1809,1034 1758,1044 1661,1031 1587,1052 1538,1029 1525,1039 1479,1034 1459,1047 1420,1029 1392,1049 1354,1021 1323,1047 1308,1036 1259,1041 1223,1018 1200,1036 1187,1029 1082,1036 1057,1052 977,1029 957,1011 896,1036 837,1016 783,1047 757,1031 729,1041 701,1031 683,1047 640,1031 450,1039 430,1021 391,1024 360,1011 268,1041 243,1021 215,1039 181,1029"/>
        <Baseline points="176,1003 256,1000 289,995 2058,995"/>
        <TextEquiv>
          <Unicode>de David Starr Jordan. Il est vrai que Fried n’est pas libre et</Unicode>
        </TextEquiv>
      </TextLine>

    
    
      <TextLine id="eSc_line_350124" >
        <Coords points="304,1044 360,1016 419,1029 427,1044 368,1077 355,1064 335,1070 309,1044"/>
        <Baseline points="307,1046 428,1046"/>
        <TextEquiv>
          <Unicode>s&#39;</Unicode>
        </TextEquiv>
      </TextLine>

    
    
      <TextLine id="eSc_line_350020" >
        <Coords points="158,1098 163,1064 215,1059 240,1044 268,1057 304,1047 332,1070 353,1062 366,1072 409,1054 465,1057 478,1047 540,1062 558,1052 573,1064 599,1044 629,1064 670,1049 844,1059 913,1044 1006,1054 1031,1070 1118,1041 1200,1064 1241,1039 1300,1057 1384,1049 1415,1064 1441,1049 1497,1062 1602,1054 1623,1072 1651,1057 1720,1057 1738,1070 1758,1054 1835,1052 1879,1070 1922,1044 1937,1057 2012,1054 2019,1088 2012,1128 1996,1141 1876,1144 1861,1134 1848,1144 1802,1144 1786,1131 1745,1139 1722,1126 1674,1152 1656,1136 1640,1144 1600,1131 1571,1149 1543,1136 1497,1146 1479,1131 1428,1139 1408,1121 1379,1141 1364,1134 1341,1146 1320,1131 1267,1136 1249,1123 1223,1144 1180,1131 1144,1149 1034,1128 1013,1136 993,1121 970,1139 908,1128 872,1149 842,1128 747,1144 696,1128 599,1141 568,1126 427,1126 409,1136 381,1128 368,1139 271,1126 256,1139 222,1131 192,1141 163,1121"/>
        <Baseline points="160,1100 446,1096 760,1095 826,1095 931,1088 2022,1090"/>
        <TextEquiv>
          <Unicode>qu’il adresse à des lecteurs moins libres encore que lui mais</Unicode>
        </TextEquiv>
      </TextLine>

    
    
      <TextLine id="eSc_line_350021" >
        <Coords points="184,1203 197,1152 330,1167 422,1152 488,1159 504,1149 591,1154 611,1169 634,1152 673,1167 704,1141 744,1159 762,1144 867,1154 906,1139 929,1157 977,1164 1006,1141 1052,1162 1082,1146 1126,1157 1167,1157 1190,1144 1216,1157 1228,1146 1272,1162 1295,1144 1313,1157 1356,1144 1387,1167 1413,1149 1443,1154 1469,1134 1502,1157 1530,1144 1579,1157 1679,1157 1699,1146 1738,1172 1789,1146 1825,1169 1853,1149 1920,1164 1945,1149 1960,1159 2091,1149 2117,1152 2124,1195 2117,1236 2104,1244 2053,1239 2019,1221 1978,1241 1937,1231 1907,1256 1858,1233 1822,1236 1797,1256 1748,1233 1684,1244 1664,1228 1640,1236 1617,1218 1584,1239 1530,1208 1500,1233 1464,1236 1402,1218 1356,1244 1323,1228 1297,1249 1269,1228 1244,1246 1228,1233 1157,1244 1126,1221 1108,1236 1085,1231 1064,1244 1044,1228 972,1239 949,1223 880,1226 862,1241 824,1223 706,1228 688,1241 665,1226 627,1241 604,1223 573,1239 486,1239 471,1226 414,1239 353,1223 340,1233 271,1228 235,1251 189,1233"/>
        <Baseline points="184,1203 529,1203 560,1198 757,1190 2083,1190 2124,1195"/>
        <TextEquiv>
          <Unicode>quel contraste! La lettre de Jordan est très belle ; en la lisant</Unicode>
        </TextEquiv>
      </TextLine>

    
    
      <TextLine id="eSc_line_350022" >
        <Coords points="184,1303 189,1259 207,1254 261,1269 276,1256 389,1262 401,1251 419,1264 442,1254 504,1269 545,1256 601,1262 624,1246 647,1259 683,1246 709,1267 757,1249 798,1259 936,1249 952,1262 983,1241 1029,1259 1049,1246 1116,1244 1128,1254 1157,1249 1177,1264 1226,1246 1264,1256 1361,1246 1374,1256 1392,1249 1415,1267 1443,1249 1505,1254 1536,1269 1564,1251 1751,1251 1804,1267 1863,1241 1912,1264 1935,1249 2073,1256 2114,1244 2152,1267 2163,1295 2147,1326 2106,1328 2083,1315 2027,1338 1950,1333 1925,1346 1909,1336 1743,1328 1692,1344 1656,1328 1633,1346 1597,1346 1538,1326 1520,1336 1441,1328 1418,1341 1390,1318 1349,1320 1292,1344 1264,1320 1236,1341 1198,1341 1164,1320 1144,1331 1077,1331 1052,1346 1039,1336 957,1338 919,1318 890,1341 860,1326 834,1344 808,1331 765,1341 719,1326 642,1346 629,1336 563,1336 540,1354 504,1331 437,1341 299,1326 222,1344 189,1333"/>
        <Baseline points="184,1303 222,1308 263,1300 417,1292 2163,1295"/>
        <TextEquiv>
          <Unicode>je vous ai su gré d’avoir si bien compris les services que pouvait</Unicode>
        </TextEquiv>
      </TextLine>

    
    
      <TextLine id="eSc_line_350023" >
        <Coords points="186,1397 192,1364 225,1354 238,1364 353,1361 378,1377 432,1356 460,1369 478,1356 519,1361 550,1349 568,1359 640,1349 698,1359 714,1346 734,1354 752,1338 793,1356 819,1338 852,1359 883,1346 954,1354 975,1341 1000,1359 1024,1344 1041,1354 1067,1349 1093,1367 1139,1333 1175,1361 1198,1346 1323,1356 1410,1346 1428,1359 1459,1344 1487,1356 1523,1338 1564,1356 1687,1349 1720,1372 1758,1351 1809,1351 1832,1333 1856,1349 1899,1341 1920,1356 1945,1341 2050,1356 2068,1344 2122,1351 2137,1338 2145,1387 2137,1413 2122,1418 2042,1415 2012,1438 1963,1433 1948,1446 1917,1431 1879,1451 1832,1431 1792,1441 1745,1431 1720,1443 1692,1425 1638,1438 1582,1433 1559,1418 1512,1428 1487,1448 1456,1436 1433,1448 1356,1436 1315,1448 1272,1425 1254,1438 1203,1443 1177,1431 1157,1443 1090,1443 1075,1431 1054,1438 1031,1423 1006,1423 972,1446 931,1423 888,1433 842,1425 814,1441 770,1423 752,1438 721,1428 680,1446 627,1425 606,1438 563,1425 517,1436 486,1420 445,1451 409,1425 368,1441 317,1433 294,1451 261,1428 222,1441 192,1431"/>
        <Baseline points="186,1397 1195,1397 1221,1392 1372,1390 1402,1384 2145,1387"/>
        <TextEquiv>
          <Unicode>rendre ce volumineux savant et de l’avoir introduit, l’été dernier</Unicode>
        </TextEquiv>
      </TextLine>

    
    
      <TextLine id="eSc_line_350024" >
        <Coords points="174,1492 179,1438 220,1461 253,1451 273,1461 343,1454 401,1466 445,1451 501,1461 524,1443 558,1454 596,1438 627,1464 680,1454 704,1466 757,1446 793,1469 816,1451 911,1466 962,1446 1026,1456 1054,1446 1090,1454 1111,1441 1126,1454 1249,1443 1320,1472 1346,1451 1410,1446 1479,1472 1543,1443 1579,1459 1740,1448 1774,1469 1802,1469 1825,1451 1886,1461 1925,1436 1968,1456 2012,1443 2040,1464 2048,1487 2040,1528 2027,1520 1994,1548 1966,1528 1932,1546 1899,1528 1832,1556 1815,1541 1802,1551 1776,1530 1740,1561 1702,1536 1669,1561 1612,1561 1553,1523 1520,1543 1497,1528 1459,1551 1418,1551 1390,1533 1369,1546 1336,1525 1313,1541 1277,1533 1254,1548 1200,1528 1162,1548 1041,1543 1000,1523 934,1536 906,1512 844,1518 819,1536 788,1523 773,1533 724,1525 678,1543 624,1528 583,1530 573,1520 540,1538 488,1523 455,1546 419,1525 332,1536 307,1523 281,1533 222,1523 179,1536"/>
        <Baseline points="174,1492 209,1500 568,1500 801,1492 842,1487 2048,1487"/>
        <TextEquiv>
          <Unicode>dans le Comité de la rue Pierre Curie. Vous avez fait, ce jour</Unicode>
        </TextEquiv>
      </TextLine>

    
    
      <TextLine id="eSc_line_350019" >
        <Coords points="186,1589 189,1553 212,1543 232,1561 256,1559 284,1584 330,1556 458,1561 478,1548 504,1571 535,1543 552,1561 573,1553 583,1564 601,1553 645,1564 675,1548 714,1559 739,1548 768,1561 803,1533 826,1556 947,1543 975,1556 1054,1551 1080,1592 1067,1633 1016,1643 993,1628 916,1625 824,1638 808,1623 711,1643 673,1625 642,1643 611,1623 573,1638 547,1625 494,1628 450,1648 437,1635 414,1651 381,1630 360,1638 350,1628 281,1635 261,1656 225,1638 207,1653 189,1651"/>
        <Baseline points="186,1589 225,1589 253,1597 307,1589 1080,1592"/>
        <TextEquiv>
          <Unicode>là, œuvre de bonne politique.</Unicode>
        </TextEquiv>
      </TextLine>

    
    
      <TextLine id="eSc_line_350025" >
        <Coords points="512,1692 517,1651 540,1638 581,1666 640,1640 691,1661 727,1635 757,1638 773,1653 814,1653 826,1666 857,1640 875,1656 980,1648 993,1658 1062,1640 1082,1656 1128,1638 1149,1656 1192,1653 1216,1669 1249,1648 1269,1658 1382,1646 1425,1666 1469,1633 1489,1653 1515,1646 1564,1661 1589,1643 1615,1653 1679,1638 1758,1648 1771,1661 1835,1635 1866,1651 1920,1643 1994,1653 2012,1640 2042,1669 2071,1648 2101,1681 2088,1704 2037,1694 1978,1735 1904,1740 1868,1715 1812,1751 1797,1738 1751,1733 1728,1712 1699,1740 1687,1733 1669,1748 1646,1730 1607,1740 1574,1728 1561,1738 1530,1710 1469,1743 1431,1707 1387,1748 1349,1738 1326,1748 1300,1728 1287,1740 1256,1735 1198,1753 1162,1735 1070,1751 1052,1735 1013,1748 993,1733 908,1738 865,1725 842,1738 814,1725 796,1743 770,1722 757,1733 729,1717 698,1730 624,1730 583,1717 558,1743 517,1728"/>
        <Baseline points="512,1694 967,1694 995,1689 1205,1687 2104,1684"/>
        <TextEquiv>
          <Unicode>Je me suis demandé même - mais sous toutes réserves -</Unicode>
        </TextEquiv>
      </TextLine>

    
    
      <TextLine id="eSc_line_350026" >
        <Coords points="174,1799 181,1738 215,1756 245,1748 266,1763 284,1748 332,1766 384,1751 409,1763 442,1753 455,1763 486,1748 519,1756 532,1745 576,1761 634,1738 680,1761 716,1751 819,1753 832,1743 867,1758 911,1751 967,1761 1029,1748 1052,1758 1098,1743 1167,1756 1182,1743 1203,1751 1259,1740 1274,1753 1341,1748 1364,1766 1423,1735 1451,1751 1482,1743 1525,1753 1548,1735 1574,1738 1600,1761 1687,1740 1753,1748 1768,1761 1786,1745 1902,1751 1976,1733 1991,1745 2014,1730 2030,1740 2037,1779 2030,1804 1960,1804 1945,1817 1930,1804 1899,1830 1884,1822 1845,1835 1827,1820 1802,1832 1779,1822 1763,1835 1702,1835 1669,1807 1635,1809 1607,1832 1548,1830 1518,1807 1477,1835 1413,1825 1351,1832 1295,1817 1264,1838 1244,1820 1210,1830 1190,1815 1164,1832 1136,1822 1113,1843 1085,1825 975,1838 957,1822 944,1832 929,1822 916,1832 808,1827 768,1850 739,1830 655,1830 629,1809 593,1838 555,1822 437,1832 353,1825 317,1838 268,1827 248,1845 179,1830"/>
        <Baseline points="174,1799 235,1794 627,1797 688,1792 862,1792 934,1784 1950,1786 2037,1779"/>
        <TextEquiv>
          <Unicode>si la Dotation Carnegie ne pourrait pas dériver cette activité</Unicode>
        </TextEquiv>
      </TextLine>

    
    
      <TextLine id="eSc_line_350027" >
        <Coords points="192,1889 197,1858 225,1843 273,1861 302,1848 317,1858 350,1850 401,1861 458,1845 509,1866 527,1850 573,1853 591,1840 686,1866 734,1835 762,1856 778,1848 814,1858 842,1845 865,1856 1039,1853 1062,1866 1103,1848 1185,1856 1210,1835 1259,1850 1277,1832 1310,1858 1387,1853 1400,1843 1553,1850 1584,1832 1638,1853 1656,1838 1699,1843 1730,1832 1771,1853 1784,1843 1830,1850 1853,1840 1889,1863 1922,1843 1984,1848 2001,1838 2035,1861 2065,1835 2088,1850 2096,1879 2076,1904 2048,1902 2022,1922 1986,1907 1950,1930 1858,1927 1830,1945 1771,1920 1733,1920 1710,1922 1671,1953 1612,1912 1571,1925 1559,1914 1536,1932 1520,1922 1459,1925 1405,1945 1328,1925 1282,1945 1218,1917 1200,1930 1180,1917 1149,1937 1077,1907 1044,1932 970,1920 919,1940 893,1925 849,1945 821,1922 783,1917 739,1937 698,1937 663,1917 624,1940 573,1935 547,1914 522,1920 509,1909 448,1945 389,1917 363,1935 294,1925 266,1943 243,1925 215,1948 197,1945"/>
        <Baseline points="194,1891 1454,1889 1602,1884 1658,1876 2063,1876 2099,1881"/>
        <TextEquiv>
          <Unicode>errante et cette grande bonne volonté courageuse dans nos eaux ?</Unicode>
        </TextEquiv>
      </TextLine>

    
    
      <TextLine id="eSc_line_350037" >
        <Coords points="174,1984 184,1950 243,1950 258,1940 289,1960 327,1937 350,1960 371,1945 391,1963 499,1958 527,1945 555,1966 624,1943 637,1953 691,1948 719,1958 778,1945 796,1986 791,2024 770,2040 742,2019 714,2022 696,2040 660,2024 647,2035 593,2027 573,2042 532,2019 517,2030 496,2024 478,2042 460,2027 430,2035 409,2014 368,2037 337,2022 309,2035 294,2027 263,2048 232,2024 179,2027"/>
        <Baseline points="174,1984 240,1991 796,1986"/>
        <TextEquiv>
          <Unicode>Voici à quel propos:</Unicode>
        </TextEquiv>
      </TextLine>

    
    
      <TextLine id="eSc_line_350028" >
        <Coords points="506,2086 509,2055 537,2037 596,2060 663,2027 732,2060 755,2040 780,2053 796,2040 824,2050 839,2037 908,2050 1013,2032 1057,2068 1118,2032 1149,2048 1164,2040 1182,2058 1210,2035 1249,2048 1287,2037 1323,2048 1344,2032 1367,2048 1423,2037 1448,2063 1464,2063 1484,2042 1548,2040 1569,2058 1587,2042 1702,2024 1715,2037 1779,2032 1804,2048 1861,2040 1881,2024 1894,2037 1963,2035 1991,2017 2007,2073 1999,2104 1984,2114 1968,2099 1932,2099 1889,2124 1809,2117 1794,2132 1774,2114 1748,2122 1730,2109 1712,2124 1684,2122 1643,2096 1610,2101 1594,2117 1579,2104 1543,2135 1482,2122 1451,2137 1408,2104 1390,2112 1356,2101 1282,2129 1262,2112 1231,2142 1208,2124 1149,2122 1136,2109 1111,2117 1075,2099 1049,2122 1018,2127 954,2117 931,2129 888,2127 852,2112 819,2127 788,2106 765,2127 706,2112 650,2132 629,2132 606,2109 583,2124 535,2124 509,2101"/>
        <Baseline points="506,2086 583,2086 614,2078 640,2083 1561,2083 1617,2076 1679,2076 1712,2071 2007,2073"/>
        <TextEquiv>
          <Unicode>Je vous ai envoyé, ces jours-ci, un article publié</Unicode>
        </TextEquiv>
      </TextLine>

    
    
      <TextLine id="eSc_line_350031" >
        <Coords points="184,2181 189,2158 207,2145 253,2155 296,2129 330,2155 384,2137 401,2147 514,2150 622,2129 665,2147 701,2140 739,2160 768,2140 785,2150 821,2137 865,2152 896,2137 908,2147 960,2145 975,2158 1016,2132 1034,2147 1059,2132 1085,2147 1128,2129 1162,2147 1226,2145 1246,2160 1292,2132 1326,2158 1392,2129 1448,2145 1474,2135 1497,2152 1553,2137 1630,2142 1684,2129 1725,2142 1740,2132 1771,2158 1807,2137 1868,2142 1884,2129 1953,2135 1976,2152 1996,2135 2035,2132 2050,2140 2058,2176 2040,2206 1909,2224 1871,2204 1840,2214 1797,2193 1751,2227 1684,2204 1651,2227 1576,2206 1543,2227 1484,2222 1441,2242 1395,2206 1374,2214 1349,2204 1313,2232 1285,2209 1251,2201 1203,2204 1175,2227 1157,2216 1131,2229 1116,2216 1090,2237 1052,2227 1036,2240 995,2206 929,2240 890,2216 872,2229 842,2216 824,2227 791,2206 747,2224 704,2211 670,2240 642,2216 494,2214 440,2237 417,2219 386,2234 337,2211 284,2229 261,2214 238,2227 189,2219"/>
        <Baseline points="186,2183 980,2183 1072,2188 1118,2181 2060,2176"/>
        <TextEquiv>
          <Unicode>dans l’Information par mon coll ègue au sénat, Herriot, maire de</Unicode>
        </TextEquiv>
      </TextLine>

    
    
      <TextLine id="eSc_line_350030" >
        <Coords points="174,2280 179,2252 202,2237 225,2250 256,2247 291,2227 348,2250 363,2237 394,2237 419,2257 458,2234 494,2247 611,2250 634,2240 686,2252 742,2237 768,2257 793,2242 844,2247 890,2224 952,2257 998,2234 1054,2245 1134,2229 1169,2245 1190,2232 1208,2245 1264,2229 1323,2263 1349,2242 1384,2242 1400,2229 1441,2245 1459,2229 1492,2240 1533,2227 1569,2240 1658,2227 1707,2245 1725,2229 1817,2234 1856,2224 1899,2237 1917,2224 1999,2247 2019,2232 2071,2234 2114,2250 2124,2270 2117,2293 2091,2288 2053,2306 1994,2293 1940,2311 1914,2296 1881,2304 1838,2291 1768,2329 1720,2301 1689,2314 1674,2301 1623,2298 1602,2314 1579,2296 1553,2314 1492,2321 1454,2291 1410,2306 1390,2301 1374,2314 1336,2301 1310,2316 1282,2304 1210,2314 1136,2301 1095,2329 1052,2316 1013,2327 990,2311 954,2319 939,2306 867,2327 837,2306 788,2311 765,2293 739,2309 683,2309 663,2327 632,2329 583,2306 568,2316 496,2311 478,2321 463,2309 430,2316 414,2304 378,2321 343,2306 320,2321 284,2314 263,2327 248,2316 227,2332 179,2311"/>
        <Baseline points="174,2280 273,2288 366,2288 417,2283 478,2283 504,2275 1431,2278 1722,2270 1771,2265 2060,2265 2124,2270"/>
        <TextEquiv>
          <Unicode>Lyon et camarade de notre cher Godart, son adjoint. Herriot a na-</Unicode>
        </TextEquiv>
      </TextLine>

    
    
      <TextLine id="eSc_line_350034" >
        <Coords points="184,2383 189,2339 207,2337 238,2347 279,2337 294,2350 332,2334 348,2344 378,2334 394,2347 471,2334 547,2352 563,2339 606,2344 652,2329 721,2350 791,2344 811,2332 867,2355 919,2332 936,2342 954,2329 1041,2337 1059,2327 1108,2344 1123,2334 1146,2344 1218,2339 1241,2355 1264,2334 1320,2324 1336,2337 1377,2339 1392,2329 1410,2342 1428,2329 1474,2339 1533,2319 1566,2344 1600,2321 1628,2337 1651,2321 1674,2334 1748,2327 1768,2339 1797,2327 1840,2334 1866,2324 1917,2342 1948,2319 1960,2332 2017,2332 2024,2362 2017,2403 1984,2391 1925,2391 1894,2408 1868,2408 1845,2393 1807,2419 1771,2396 1756,2408 1679,2408 1664,2421 1561,2378 1510,2408 1446,2421 1392,2398 1372,2408 1326,2401 1305,2419 1282,2416 1244,2391 1198,2421 1139,2419 1108,2401 1059,2432 1016,2408 972,2406 960,2416 942,2406 906,2421 875,2401 844,2421 788,2421 721,2398 691,2424 652,2406 616,2419 599,2406 570,2421 547,2403 491,2426 465,2408 422,2421 394,2408 309,2421 284,2403 245,2421 215,2419 189,2439"/>
        <Baseline points="184,2383 227,2378 995,2380 1067,2368 1966,2370 2024,2362"/>
        <TextEquiv>
          <Unicode>turellement suivi avec attention la mission de Godart dans les</Unicode>
        </TextEquiv>
      </TextLine>

    
    
      <TextLine id="eSc_line_350029" >
        <Coords points="194,2478 199,2439 212,2429 238,2442 284,2442 309,2429 330,2444 417,2444 445,2460 476,2434 547,2452 599,2432 668,2444 701,2432 714,2439 778,2416 814,2439 847,2424 870,2442 901,2424 952,2439 990,2416 1075,2437 1172,2421 1213,2452 1277,2426 1405,2452 1477,2419 1523,2434 1546,2429 1574,2447 1602,2432 1640,2452 1674,2426 1712,2424 1735,2442 1771,2429 1794,2444 1835,2411 1863,2424 1896,2411 1920,2429 1940,2414 1955,2426 2048,2432 2078,2421 2132,2432 2142,2462 2137,2485 2053,2516 2019,2498 1996,2516 1958,2508 1937,2519 1899,2488 1879,2496 1848,2483 1804,2511 1738,2485 1661,2519 1610,2488 1582,2506 1556,2488 1487,2493 1454,2483 1418,2506 1382,2503 1351,2521 1315,2498 1267,2501 1246,2485 1210,2513 1169,2496 1141,2496 1121,2513 1064,2511 1006,2488 965,2516 934,2513 921,2524 878,2513 857,2524 826,2501 806,2516 765,2501 724,2513 701,2498 650,2519 629,2508 593,2524 565,2511 522,2531 468,2506 448,2506 424,2524 399,2506 340,2506 325,2519 250,2508 230,2524 202,2508"/>
        <Baseline points="197,2480 266,2478 368,2478 1592,2470 1625,2475 1658,2467 1779,2467 1863,2460 2104,2460 2145,2465"/>
        <TextEquiv>
          <Unicode>Balkans ; le rapport imprimé à Lyon, etc... etc... Il a été impres-</Unicode>
        </TextEquiv>
      </TextLine>

    
    
      <TextLine id="eSc_line_350033" >
        <Coords points="202,2575 207,2536 235,2531 261,2542 340,2539 424,2524 442,2536 455,2526 491,2542 535,2526 563,2547 604,2524 642,2534 714,2521 744,2544 778,2531 837,2549 885,2521 939,2542 962,2526 1024,2536 1070,2511 1159,2544 1182,2526 1269,2542 1356,2521 1377,2534 1500,2526 1536,2544 1574,2519 1656,2526 1674,2513 1699,2531 1735,2521 1786,2531 1848,2521 1884,2539 1912,2524 1989,2519 2063,2531 2124,2524 2165,2542 2176,2567 2168,2595 2152,2603 2078,2588 2053,2600 2022,2588 1999,2606 1976,2590 1917,2613 1871,2593 1827,2616 1804,2600 1756,2611 1733,2593 1699,2613 1653,2600 1630,2618 1594,2600 1571,2611 1525,2595 1492,2608 1472,2593 1446,2593 1420,2608 1397,2590 1354,2606 1341,2598 1315,2616 1280,2590 1251,2606 1236,2593 1213,2600 1175,2583 1141,2600 1118,2595 1088,2618 1052,2606 1026,2626 970,2593 921,2598 893,2616 842,2585 811,2603 755,2603 739,2616 683,2600 581,2616 558,2603 506,2603 488,2616 322,2603 294,2618 235,2600 207,2613"/>
        <Baseline points="202,2575 995,2575 1049,2570 1108,2570 1157,2560 1182,2565 2137,2562 2176,2567"/>
        <TextEquiv>
          <Unicode>sionné et il écrit en substance : &quot;La Dotation Carnegie ne pourrait-</Unicode>
        </TextEquiv>
      </TextLine>

    
    
      <TextLine id="eSc_line_350032" >
        <Coords points="207,2677 212,2621 253,2636 317,2634 335,2647 366,2629 442,2629 491,2644 570,2621 593,2636 650,2629 721,2647 750,2624 765,2636 778,2629 806,2652 829,2634 880,2636 903,2621 965,2636 993,2618 1011,2631 1082,2621 1123,2639 1164,2621 1256,2631 1320,2618 1377,2634 1405,2631 1423,2616 1436,2626 1518,2626 1536,2639 1564,2618 1651,2629 1669,2616 1704,2616 1797,2639 1820,2621 1879,2626 1896,2613 1912,2626 1932,2616 1958,2631 1981,2621 2009,2631 2091,2621 2114,2639 2122,2667 2083,2711 2048,2685 2007,2713 1994,2705 1981,2716 1937,2695 1832,2716 1792,2688 1774,2703 1751,2690 1689,2705 1661,2693 1607,2718 1546,2680 1518,2700 1495,2685 1454,2688 1413,2711 1377,2713 1351,2693 1333,2700 1320,2690 1282,2690 1236,2711 1208,2690 1152,2705 1121,2682 1077,2711 1036,2695 1013,2713 975,2695 880,2695 844,2716 824,2700 734,2703 709,2682 668,2711 642,2700 627,2713 596,2700 570,2713 540,2700 509,2716 483,2700 460,2718 417,2695 307,2713 289,2703 212,2705"/>
        <Baseline points="207,2677 401,2677 691,2664 2122,2667"/>
        <TextEquiv>
          <Unicode>elle nous envoyer de semblables missionnaires ? Qu’ils viennent !</Unicode>
        </TextEquiv>
      </TextLine>

    
    
      <TextLine id="eSc_line_350035" >
        <Coords points="194,2762 217,2731 243,2731 268,2713 294,2731 343,2705 378,2736 430,2723 442,2734 596,2726 614,2739 691,2734 709,2718 744,2736 824,2736 839,2723 857,2736 890,2723 908,2731 931,2716 967,2731 1006,2716 1088,2734 1152,2721 1175,2731 1213,2721 1228,2731 1267,2723 1295,2734 1341,2713 1408,2713 1487,2746 1525,2723 1623,2728 1656,2716 1697,2728 1738,2721 1763,2739 1835,2718 1991,2728 2030,2721 2081,2728 2094,2762 2063,2800 2009,2808 1927,2795 1891,2823 1873,2810 1850,2823 1776,2777 1717,2816 1681,2792 1658,2805 1607,2787 1559,2810 1543,2800 1525,2813 1484,2795 1397,2816 1351,2795 1338,2805 1303,2777 1262,2808 1185,2780 1136,2818 1075,2803 1052,2813 1034,2800 967,2808 903,2795 865,2805 834,2795 801,2810 773,2798 693,2808 678,2798 637,2805 606,2795 558,2818 540,2803 506,2813 478,2795 445,2823 378,2798 307,2828 268,2798 232,2810 199,2805"/>
        <Baseline points="194,2762 263,2769 1172,2769 1198,2764 1318,2764 1413,2759 1477,2762 1502,2757 1896,2757 1984,2762 2094,2762"/>
        <TextEquiv>
          <Unicode>qu’ils interrogent les témoins et les lieux, nous les conduirons</Unicode>
        </TextEquiv>
      </TextLine>

    
    
      <TextLine id="eSc_line_350036" >
        <Coords points="194,2874 199,2849 235,2826 263,2841 299,2831 337,2849 401,2828 419,2839 448,2826 483,2833 514,2813 535,2831 563,2823 619,2844 704,2839 732,2862 760,2839 819,2839 837,2821 898,2836 962,2833 983,2849 1044,2813 1095,2846 1131,2821 1172,2836 1190,2826 1254,2833 1274,2816 1333,2849 1361,2846 1408,2818 1433,2841 1461,2831 1484,2854 1497,2844 1518,2859 1546,2849 1556,2856 1589,2826 1607,2833 1628,2821 1674,2846 1768,2849 1797,2864 1789,2897 1779,2892 1753,2908 1702,2897 1671,2918 1635,2892 1579,2897 1561,2887 1536,2913 1523,2903 1477,2920 1433,2897 1408,2895 1390,2908 1361,2885 1305,2918 1277,2915 1254,2928 1210,2892 1182,2910 1159,2897 1139,2915 1116,2915 1093,2892 1057,2892 1013,2915 975,2887 947,2910 888,2895 847,2918 816,2895 773,2918 737,2908 691,2944 663,2918 647,2928 624,2908 529,2910 512,2897 496,2908 483,2900 465,2918 419,2920 407,2908 343,2895 307,2920 291,2908 263,2915 235,2900 197,2931"/>
        <Baseline points="194,2874 1707,2869 1735,2872 1797,2864"/>
        <TextEquiv>
          <Unicode>dans nos hôpitaux, pr ès de nos blessés, etc... etc....</Unicode>
        </TextEquiv>
      </TextLine>

    
    </TextRegion>
    
  </Page>
</PcGts>
