2304 3072
737 46 893 140 - 4 -
133 122 2037 268 ans chaque dimanche, en chaire, contre la perfide Albion, con-
140 240 2050 368 tre les bourreaux de Napoléon ler à Sainte Hélène. Beau résul-
140 332 1937 453 tat miraculeux du caporalisme allemands Pour le repousser
140 427 2088 568 voilà toute la France unie; cléricaux, réactionaires, républi-
151 537 2048 660 cains modérés, radicaux, socialistes, syndicalistes antimili-
140 640 2050 760 taristes, tous ne font qu’un bloc, et ce bloc lui-même ne fait
145 729 1978 870 qu'un avec le bloc des Anglais, des Ecossais, des Irlandais
143 837 1981 965 avec le bloc des Belges, Wallons et Flamands catholiques et
140 965 2091 1067 libéraux avec celui des Slaves, Russes et Polonais. Coalitions
148 1034 2096 1167 formidable, moins encore par sa masse que par son esprit.......
153 1139 2009 1267 Grâce à cet esprit de protestation contre l’oppression du mi-
145 1251 2101 1369 litarisme allemand, voilà l’Angleterre en France ! ! et la Fran-
151 1346 2086 1469 ce repeuplée comme par enchantement enrichie d'un sang nouveau
151 1479 2101 1576 Enrichie au point qu'elle tirera, quoi qu’il arrive, de la guer-
153 1559 1973 1676 re une foule d’amis inattendus, d’alliés qui, commençant par
153 1658 2004 1771 la défendre, finiront sans y prendre garde, par la coloniser
151 1763 1963 1881 et par remplacer largement l’élément allemand qui s’y propa-
143 1856 844 1981 geait sans contrepoids.
460 1948 2012 2083 Plus je pense aux conséquences de cette guerre dont
145 2060 2024 2181 la France souffrira si grandement, plus je crois que l’Allema-
140 2163 1896 2298 gne en souffrira bien d’avantage et XX que la folie de sa
140 2257 1968 2385 politique impérialiste est sans excuse, ou pacifiste ou con-
161 2362 2017 2485 quérant, voilà ce que l’Empereur d’Allemagne devait être ; l'un
153 2480 650 2585 et l'autre, non.
450 2718 1963 2839 Ceci dit, quel sera l’avenir de l'Europe et quelle
153 2828 1914 2938 peut-être l’influence de vos Etats-Unis d'Amérique sur cet
158 2923 1876 3031 avenir ? Notre doctrine de la Conciliation a-t-elle fait
