<?xml version="1.0" encoding="UTF-8"  standalone="yes"?>
<PcGts xmlns="http://schema.primaresearch.org/PAGE/gts/pagecontent/2019-07-15" xmlns:xsi="http://www.w3.org/2001/XMLSchema-instance" xsi:schemaLocation="http://schema.primaresearch.org/PAGE/gts/pagecontent/2019-07-15 http://schema.primaresearch.org/PAGE/gts/pagecontent/2019-07-15/pagecontent.xsd">
  <Metadata>
	<Creator>escriptorium</Creator>
	<Created>2021-03-18T09:57:18.929359+00:00</Created>
    <LastChange>2021-03-18T09:57:18.929382+00:00</LastChange>
  </Metadata>
  <Page imageFilename="P1110441.JPG" imageWidth="2304" imageHeight="3072">

    

    
    <TextRegion id="eSc_dummyblock_">
    
    
      <TextLine id="eSc_line_326484" >
        <Coords points="811,184 814,120 832,133 857,128 878,107 908,125 926,117 954,128 975,148 983,184 957,209 898,220 862,215 847,199 816,204"/>
        <Baseline points="811,184 890,184 952,179 1000,184"/>
        <TextEquiv>
          <Unicode>- 12 -</Unicode>
        </TextEquiv>
      </TextLine>

    
    
      <TextLine id="eSc_line_326485" >
        <Coords points="204,268 220,217 291,220 312,207 348,220 363,209 407,222 442,212 491,217 517,235 583,215 670,232 696,220 739,230 755,217 814,245 878,222 906,245 939,222 993,222 1018,243 1090,217 1192,240 1267,225 1364,261 1413,250 1446,227 1492,222 1546,232 1589,222 1710,225 1735,245 1756,227 1850,225 1863,235 1899,215 1927,238 1981,227 2024,263 2040,253 2065,261 2073,294 2065,317 2037,332 1991,325 1950,335 1922,317 1809,317 1792,330 1779,320 1761,327 1735,309 1635,335 1597,309 1512,325 1459,314 1415,332 1382,307 1346,325 1241,322 1210,309 1187,322 1144,302 1105,317 1085,299 1044,317 1011,309 980,325 944,296 919,314 727,309 680,320 645,302 627,314 570,307 550,322 506,289 483,304 412,299 394,309 366,299 320,317 296,299 235,299 209,281"/>
        <Baseline points="207,271 432,268 514,281 924,279 985,284 1024,291 1920,289 2075,296"/>
        <TextEquiv>
          <Unicode>cinquante ans, plusieurs fois à l&#39;ordre du jour pour avoir sur€v€-</Unicode>
        </TextEquiv>
      </TextLine>

    
    
      <TextLine id="eSc_line_326486" >
        <Coords points="225,371 230,317 250,327 271,317 335,320 355,335 460,320 596,325 647,345 668,345 691,325 721,325 757,350 785,327 803,337 826,327 847,343 872,320 919,332 998,325 1044,350 1075,327 1108,348 1152,320 1172,335 1344,327 1410,343 1425,332 1451,343 1472,325 1497,343 1556,320 1640,340 1674,322 1722,335 1738,322 1771,350 1794,340 1912,366 1945,343 1963,355 2007,353 2030,368 2037,391 2007,419 1945,422 1912,407 1889,427 1845,409 1784,417 1725,414 1712,404 1651,417 1638,404 1623,417 1566,419 1507,417 1489,401 1464,422 1405,422 1374,407 1328,430 1290,401 1256,422 1226,414 1159,427 1080,414 1064,401 1026,417 926,409 885,427 857,412 780,404 757,419 619,409 593,422 558,407 481,409 450,391 427,404 381,401 358,384 330,407 230,396"/>
        <Baseline points="227,373 394,371 427,376 517,378 542,386 576,381 1203,381 1267,391 1320,394 1784,391 2038,394"/>
        <TextEquiv>
          <Unicode>volé en aéroplane, malgré la tempête et les feux de salve, les</Unicode>
        </TextEquiv>
      </TextLine>

    
    
      <TextLine id="eSc_line_326487" >
        <Coords points="217,473 227,419 325,422 345,440 396,422 453,435 476,427 494,440 535,422 573,432 614,422 673,448 704,427 716,440 734,424 773,419 819,453 875,430 947,437 962,424 1016,448 1072,424 1090,435 1105,422 1152,432 1303,422 1328,445 1346,430 1387,424 1459,427 1482,442 1510,422 1610,430 1666,419 1738,432 1763,422 1779,432 1809,417 1848,448 1871,427 1904,445 1935,424 1994,427 2004,478 1984,514 1886,506 1866,519 1830,501 1774,524 1751,512 1728,522 1702,512 1559,512 1520,524 1464,501 1410,522 1354,524 1326,512 1282,519 1256,499 1239,512 1177,517 1111,501 1098,514 1039,524 995,509 903,519 819,512 806,501 755,522 711,501 693,514 473,509 427,491 394,512 358,501 304,517 222,496"/>
        <Baseline points="220,476 478,473 675,486 2007,481"/>
        <TextEquiv>
          <Unicode>lignes ennemies ; il a fini par être frappé mortellement d’une</Unicode>
        </TextEquiv>
      </TextLine>

    
    
      <TextLine id="eSc_line_326488" >
        <Coords points="225,576 230,524 276,529 294,545 317,524 381,542 427,529 709,527 737,542 755,527 826,524 844,535 911,522 949,537 1016,524 1072,547 1100,529 1134,542 1152,527 1210,527 1246,547 1300,527 1351,532 1367,545 1397,529 1418,547 1438,529 1482,527 1505,545 1546,519 1579,529 1602,514 1615,527 1763,522 1797,540 1822,522 1955,522 1966,586 1948,614 1914,599 1889,614 1820,604 1745,616 1702,611 1687,599 1640,624 1625,609 1566,609 1553,619 1477,606 1397,614 1377,599 1338,624 1300,611 1226,614 1205,601 1167,634 1131,611 1090,619 1067,599 1049,614 939,609 878,624 814,599 798,609 704,614 622,609 601,593 578,609 427,604 376,624 355,609 337,619 302,599 250,609 230,596"/>
        <Baseline points="227,576 783,576 816,581 903,583 1029,586 1967,588"/>
        <TextEquiv>
          <Unicode>ou plusieurs balles en plein vol, comme un oiseau, mais il a</Unicode>
        </TextEquiv>
      </TextLine>

    
    
      <TextLine id="eSc_line_326489" >
        <Coords points="230,678 235,627 289,634 419,624 471,640 488,627 570,629 586,642 632,629 688,634 701,624 719,634 857,627 888,640 906,627 1003,627 1026,647 1049,624 1093,629 1108,616 1162,645 1216,616 1239,629 1287,616 1338,642 1361,622 1456,629 1495,616 1523,629 1615,624 1671,634 1702,622 1766,622 1786,637 1845,611 1917,624 1927,673 1894,714 1827,709 1804,719 1779,709 1745,719 1717,693 1653,716 1600,698 1556,716 1479,709 1459,691 1423,714 1361,704 1269,711 1228,691 1195,714 1162,704 1118,721 1085,698 1070,714 1031,709 1008,719 862,698 837,709 714,709 688,693 660,714 647,704 593,719 563,701 491,706 465,693 437,709 399,691 353,709 279,701 250,719 235,704"/>
        <Baseline points="232,680 1929,675"/>
        <TextEquiv>
          <Unicode>gardé l&#39;énergie de se diriger pour atterir dans les lignes</Unicode>
        </TextEquiv>
      </TextLine>

    
    
      <TextLine id="eSc_line_326490" >
        <Coords points="232,775 240,727 317,727 358,739 396,729 573,727 614,742 652,721 732,732 793,724 811,734 844,729 862,711 893,734 995,721 1018,742 1044,721 1088,721 1111,744 1131,724 1192,721 1228,742 1249,721 1379,729 1405,716 1428,737 1451,714 1518,714 1571,734 1579,770 1571,803 1548,816 1528,798 1420,811 1402,801 1367,806 1349,791 1326,806 1285,796 1272,808 1192,798 1146,806 1121,793 1018,803 998,821 944,803 911,806 896,793 862,811 814,806 780,788 704,811 616,801 606,791 558,816 524,788 499,803 412,801 384,816 337,801 266,803 235,793"/>
        <Baseline points="232,775 266,770 519,770 555,775 688,775 716,768 757,775 814,778 1177,770 1579,770"/>
        <TextEquiv>
          <Unicode>française et faire son rapport avant d’expirer.</Unicode>
        </TextEquiv>
      </TextLine>

    
    
      <TextLine id="eSc_line_326491" >
        <Coords points="514,867 517,826 609,821 637,832 650,819 688,819 706,832 793,819 842,829 867,819 901,826 913,816 1006,826 1067,803 1098,826 1172,814 1192,832 1218,814 1264,824 1282,808 1333,811 1367,844 1397,814 1464,821 1484,803 1551,821 1566,837 1597,808 1661,824 1710,806 1728,824 1766,811 1776,821 1792,808 1804,821 1858,811 1881,832 1902,811 1948,821 1971,806 1978,870 1971,896 1937,898 1909,880 1868,901 1704,896 1689,911 1656,896 1605,908 1576,885 1546,903 1502,893 1482,901 1461,880 1443,898 1397,906 1387,896 1349,896 1292,913 1274,898 1195,901 1175,880 1154,898 1121,901 1082,898 1057,880 1026,903 821,901 808,890 762,898 744,880 727,898 611,896 593,908 583,898 517,893"/>
        <Baseline points="514,867 583,875 1262,872 1866,875 1896,870 1978,870"/>
        <TextEquiv>
          <Unicode>Partout l&#39;héroïsme est devenu la vie quotidienne de</Unicode>
        </TextEquiv>
      </TextLine>

    
    
      <TextLine id="eSc_line_326492" >
        <Coords points="227,970 230,939 258,919 343,919 355,931 381,931 465,919 499,929 542,911 586,926 622,913 640,924 721,921 742,939 765,916 821,929 867,919 885,901 913,919 954,916 962,967 954,998 913,990 896,1003 883,990 801,1003 747,983 729,995 680,995 660,977 619,995 581,980 529,1000 506,990 376,998 348,980 286,1003 230,983"/>
        <Baseline points="227,970 412,965 962,967"/>
        <TextEquiv>
          <Unicode>nos armées, de la nation.</Unicode>
        </TextEquiv>
      </TextLine>

    
    
      <TextLine id="eSc_line_326493" >
        <Coords points="537,1062 540,1029 624,1013 675,1026 747,1018 768,1031 824,1003 842,1018 898,1021 916,1011 962,1026 1006,1006 1059,1026 1082,1011 1123,1011 1141,993 1205,1013 1259,998 1297,1034 1336,1008 1390,1006 1402,993 1420,1011 1454,1011 1474,1024 1500,998 1533,1008 1546,995 1564,1008 1592,993 1610,1011 1692,1008 1702,998 1745,1013 1771,988 1807,1006 1832,980 1866,1006 1912,1000 1948,1052 1927,1080 1907,1085 1873,1085 1856,1070 1838,1088 1656,1082 1612,1095 1589,1093 1569,1072 1559,1082 1448,1082 1433,1095 1405,1077 1354,1093 1259,1085 1246,1098 1195,1082 1141,1095 1116,1077 1095,1098 1039,1075 1006,1098 988,1088 908,1085 696,1093 668,1077 645,1098 540,1088"/>
        <Baseline points="537,1062 655,1062 737,1057 1886,1059 1948,1052"/>
        <TextEquiv>
          <Unicode>Cela est si beau, si grand que je me garderais de</Unicode>
        </TextEquiv>
      </TextLine>

    
    
      <TextLine id="eSc_line_326494" >
        <Coords points="225,1157 230,1131 281,1111 314,1126 371,1105 386,1118 422,1121 442,1108 494,1113 509,1103 532,1118 611,1113 632,1128 652,1113 696,1113 709,1103 801,1116 832,1103 867,1113 883,1100 898,1111 949,1100 1006,1116 1026,1100 1072,1113 1126,1095 1185,1105 1216,1088 1249,1105 1282,1090 1341,1105 1364,1095 1395,1118 1420,1100 1459,1100 1474,1113 1500,1093 1520,1108 1625,1098 1651,1118 1694,1085 1728,1085 1792,1116 1820,1095 1881,1113 1912,1093 2040,1126 2053,1146 2035,1177 1958,1190 1940,1180 1902,1185 1856,1164 1822,1180 1730,1172 1697,1187 1602,1182 1576,1167 1553,1185 1492,1190 1451,1175 1408,1190 1331,1190 1310,1175 1262,1198 1203,1167 1157,1185 1121,1167 1088,1190 1059,1187 1034,1167 1016,1182 970,1180 947,1198 924,1177 875,1185 839,1167 778,1195 744,1180 637,1180 583,1192 545,1172 499,1192 465,1185 445,1203 424,1185 371,1195 343,1185 312,1200 296,1187 263,1190 230,1162"/>
        <Baseline points="227,1158 268,1159 325,1162 1223,1162 1256,1157 1646,1157 1707,1149 2001,1149 2054,1149"/>
        <TextEquiv>
          <Unicode>blasphémer en disant un mot de ce que pourtant comme une brûlu-</Unicode>
        </TextEquiv>
      </TextLine>

    
    
      <TextLine id="eSc_line_326495" >
        <Coords points="238,1254 243,1218 271,1205 368,1218 460,1208 494,1218 519,1205 593,1213 650,1203 729,1218 739,1208 788,1210 803,1198 824,1216 903,1200 921,1213 967,1200 1044,1208 1059,1195 1144,1203 1159,1190 1195,1208 1221,1187 1251,1213 1280,1195 1326,1200 1354,1187 1415,1203 1479,1192 1495,1205 1566,1192 1643,1216 1679,1216 1702,1195 1743,1195 1766,1213 1802,1185 1832,1200 1853,1187 1868,1200 1917,1187 2017,1221 2037,1216 2045,1244 2035,1267 2001,1274 1940,1262 1902,1282 1853,1264 1802,1285 1789,1274 1640,1282 1602,1262 1582,1280 1541,1277 1525,1287 1489,1267 1392,1287 1374,1272 1320,1280 1290,1262 1264,1285 1223,1272 1172,1277 1154,1290 1128,1277 995,1282 952,1264 929,1280 890,1282 867,1269 806,1285 783,1269 765,1282 711,1285 637,1285 619,1274 573,1297 542,1272 465,1280 448,1295 407,1280 345,1287 322,1269 302,1282 263,1282 243,1269"/>
        <Baseline points="240,1256 307,1251 2047,1246"/>
        <TextEquiv>
          <Unicode>re au plus profond de ma conscience ; un mot qui trahisse ma co-</Unicode>
        </TextEquiv>
      </TextLine>

    
    
      <TextLine id="eSc_line_326496" >
        <Coords points="256,1356 263,1305 281,1310 312,1297 330,1310 345,1300 465,1308 499,1287 573,1318 593,1300 619,1305 637,1292 683,1315 750,1292 834,1310 870,1297 916,1305 949,1290 977,1303 1059,1295 1090,1313 1123,1285 1141,1297 1210,1290 1236,1310 1264,1287 1318,1297 1336,1282 1364,1295 1466,1295 1484,1310 1507,1290 1530,1297 1571,1285 1612,1297 1666,1287 1684,1295 1699,1285 1753,1295 1768,1285 1797,1308 1825,1282 1866,1297 1886,1292 1925,1313 1994,1285 2040,1310 2055,1344 2030,1384 2009,1372 1955,1382 1930,1372 1876,1374 1850,1356 1832,1372 1774,1382 1745,1382 1730,1369 1715,1379 1699,1367 1605,1372 1576,1384 1561,1372 1507,1372 1489,1356 1423,1379 1264,1364 1223,1374 1208,1361 1180,1374 1144,1372 1131,1384 1088,1374 1070,1382 1049,1367 1006,1387 952,1356 934,1372 893,1356 865,1374 750,1377 688,1361 629,1377 578,1361 560,1374 471,1372 437,1382 391,1369 322,1379 296,1367 261,1379"/>
        <Baseline points="258,1359 348,1351 596,1344 1940,1344 2057,1345"/>
        <TextEquiv>
          <Unicode>l ère contre les hommes d&#39;Etat qui n&#39;ont pas souffert par avance</Unicode>
        </TextEquiv>
      </TextLine>

    
    
      <TextLine id="eSc_line_326497" >
        <Coords points="243,1441 256,1395 325,1402 340,1392 389,1410 496,1384 517,1400 642,1397 660,1408 696,1384 721,1400 747,1387 821,1395 847,1384 883,1405 931,1387 977,1408 993,1392 1049,1395 1075,1384 1113,1400 1146,1384 1185,1400 1216,1382 1239,1395 1259,1384 1313,1400 1341,1379 1436,1402 1487,1379 1497,1390 1553,1387 1566,1397 1623,1374 1643,1387 1717,1379 1733,1390 1802,1390 1832,1374 1866,1390 1884,1382 1909,1402 1937,1377 1968,1379 1976,1441 1945,1469 1914,1464 1889,1474 1850,1459 1815,1469 1745,1454 1715,1474 1687,1454 1669,1466 1625,1464 1607,1474 1579,1459 1505,1466 1487,1482 1454,1464 1374,1472 1351,1451 1326,1472 1264,1472 1203,1451 1157,1472 1136,1474 1113,1459 1059,1479 1026,1466 1000,1472 977,1454 921,1474 824,1464 691,1472 663,1469 640,1451 619,1469 570,1469 555,1482 522,1461 506,1472 396,1466 373,1477 335,1459 294,1474 248,1466"/>
        <Baseline points="243,1441 304,1448 450,1448 611,1443 1013,1443 1100,1441 1136,1436 1912,1436 1976,1441"/>
        <TextEquiv>
          <Unicode>de toutes les souffrances dont je suis témoin ; qui n&#39;ont pas</Unicode>
        </TextEquiv>
      </TextLine>

    
    
      <TextLine id="eSc_line_326498" >
        <Coords points="253,1536 258,1502 271,1495 332,1505 358,1492 391,1502 404,1492 501,1495 524,1479 568,1500 588,1482 675,1497 724,1489 739,1500 783,1489 878,1497 903,1482 936,1495 954,1479 1000,1497 1031,1484 1049,1500 1113,1484 1192,1497 1264,1484 1290,1505 1320,1479 1354,1492 1367,1482 1397,1489 1418,1474 1443,1484 1510,1474 1617,1502 1638,1484 1658,1492 1676,1477 1720,1482 1733,1495 1792,1466 1827,1474 1848,1492 1868,1477 1968,1479 1976,1530 1968,1559 1792,1551 1745,1566 1710,1548 1697,1559 1646,1559 1628,1543 1597,1564 1308,1564 1290,1551 1241,1569 1175,1553 1157,1569 1126,1561 1111,1571 993,1559 911,1574 890,1559 806,1566 778,1551 765,1561 714,1561 698,1548 675,1564 563,1574 517,1561 465,1571 442,1551 422,1569 378,1564 353,1582 309,1566 289,1582 258,1564"/>
        <Baseline points="254,1536 1088,1541 1136,1536 1359,1536 1405,1528 1853,1528 1978,1533"/>
        <TextEquiv>
          <Unicode>su les imaginer et les prévenir! Les malheureux! Et je ne dis</Unicode>
        </TextEquiv>
      </TextLine>

    
    
      <TextLine id="eSc_line_326499" >
        <Coords points="240,1633 245,1607 273,1584 340,1594 363,1582 404,1582 458,1600 583,1589 601,1602 680,1582 704,1592 793,1587 826,1571 860,1592 890,1566 924,1587 975,1576 1000,1587 1018,1571 1057,1571 1088,1592 1108,1592 1136,1571 1167,1597 1239,1574 1290,1597 1315,1576 1369,1566 1397,1579 1431,1566 1512,1589 1543,1564 1576,1582 1630,1561 1646,1574 1661,1564 1674,1574 1722,1574 1768,1556 1804,1576 1835,1574 1856,1559 1937,1584 1989,1553 2068,1589 2096,1576 2101,1623 2094,1664 2073,1669 2035,1653 1981,1653 1966,1640 1930,1664 1886,1653 1848,1666 1820,1643 1807,1653 1710,1664 1697,1653 1646,1661 1628,1646 1566,1656 1548,1640 1520,1664 1482,1671 1420,1653 1346,1669 1315,1646 1264,1666 1223,1653 1167,1666 1144,1646 1123,1658 1070,1648 1006,1669 801,1658 785,1671 750,1651 734,1661 668,1664 637,1648 611,1664 545,1666 524,1681 491,1658 424,1666 386,1656 322,1679 302,1666 273,1679 245,1656"/>
        <Baseline points="243,1635 279,1630 2024,1633 2103,1625"/>
        <TextEquiv>
          <Unicode>rien non plus des lendemains de cette guerre, si jamais elle doit</Unicode>
        </TextEquiv>
      </TextLine>

    
    
      <TextLine id="eSc_line_326500" >
        <Coords points="250,1730 261,1681 299,1681 325,1697 412,1681 468,1681 481,1692 547,1679 624,1692 675,1679 698,1694 714,1681 757,1687 773,1674 803,1684 842,1676 857,1687 893,1671 911,1687 1016,1679 1044,1694 1067,1676 1105,1679 1123,1664 1141,1676 1203,1669 1231,1694 1259,1674 1328,1676 1349,1692 1379,1674 1502,1669 1533,1692 1569,1666 1600,1684 1625,1666 1638,1674 1704,1664 1745,1676 1832,1661 1884,1681 1917,1664 1966,1687 2032,1676 2048,1717 2040,1748 1984,1748 1971,1758 1935,1733 1894,1753 1676,1751 1625,1740 1612,1753 1564,1748 1548,1761 1515,1735 1495,1753 1392,1751 1377,1763 1351,1743 1305,1758 1264,1740 1236,1758 1072,1751 1026,1766 988,1751 903,1768 883,1751 829,1756 803,1776 775,1753 668,1761 645,1743 624,1761 535,1751 476,1761 437,1745 407,1774 378,1758 286,1761 273,1771 256,1756"/>
        <Baseline points="250,1730 491,1730 578,1722 2014,1725 2048,1717"/>
        <TextEquiv>
          <Unicode>finir! Le mal triomphe irréparable ; la haine est souveraine mai</Unicode>
        </TextEquiv>
      </TextLine>

    
    
      <TextLine id="eSc_line_326501" >
        <Coords points="258,1822 268,1776 314,1786 381,1786 396,1776 463,1799 481,1781 532,1774 552,1792 583,1776 627,1781 652,1763 683,1784 716,1774 808,1781 829,1763 860,1792 890,1768 908,1776 924,1766 942,1781 965,1781 1000,1756 1059,1786 1098,1781 1126,1761 1144,1776 1195,1766 1244,1786 1267,1766 1351,1779 1413,1758 1454,1781 1492,1763 1505,1774 1543,1763 1569,1781 1605,1756 1628,1768 1656,1761 1707,1771 1809,1766 1827,1751 1850,1751 1863,1763 1879,1756 1945,1781 1968,1809 1937,1843 1881,1832 1771,1848 1702,1840 1674,1856 1648,1840 1628,1853 1615,1843 1569,1853 1507,1838 1479,1848 1392,1848 1369,1861 1341,1850 1233,1853 1210,1840 1182,1853 1116,1848 1103,1835 1064,1848 1041,1830 995,1863 980,1848 934,1858 921,1848 885,1853 865,1838 808,1858 785,1843 732,1856 660,1848 629,1861 599,1856 581,1868 558,1848 524,1858 473,1845 445,1863 399,1850 384,1866 343,1848 317,1848 299,1863 263,1850"/>
        <Baseline points="258,1822 652,1827 719,1822 896,1822 926,1815 1907,1817 1968,1809"/>
        <TextEquiv>
          <Unicode>tresse; la passiòn de nuire s’est substituée à la passion de</Unicode>
        </TextEquiv>
      </TextLine>

    
    
      <TextLine id="eSc_line_326510" >
        <Coords points="248,1912 253,1881 271,1863 284,1871 299,1861 348,1879 427,1861 478,1894 535,1866 629,1876 650,1858 701,1889 742,1868 952,1863 988,1876 1008,1861 1052,1871 1098,1853 1128,1868 1164,1863 1180,1876 1208,1858 1241,1866 1262,1886 1305,1853 1326,1866 1344,1853 1382,1866 1397,1853 1433,1881 1466,1850 1518,1873 1548,1858 1648,1866 1715,1853 1766,1856 1802,1873 1822,1856 1856,1861 1879,1907 1871,1927 1850,1937 1802,1943 1763,1927 1738,1940 1638,1937 1625,1948 1612,1937 1559,1948 1520,1927 1477,1948 1423,1940 1390,1950 1372,1937 1297,1953 1285,1940 1256,1948 1231,1937 1118,1945 1093,1925 1070,1945 995,1937 911,1950 901,1940 857,1940 824,1953 704,1935 688,1948 606,1940 588,1955 552,1940 504,1945 483,1935 453,1953 427,1943 250,1940"/>
        <Baseline points="248,1912 284,1920 855,1920 890,1914 1067,1914 1203,1907 1879,1907"/>
        <TextEquiv>
          <Unicode>servir, et pour longtemps.... Hélas, la paix couvrira les</Unicode>
        </TextEquiv>
      </TextLine>

    
    
      <TextLine id="eSc_line_326509" >
        <Coords points="256,2012 266,1963 291,1973 312,1960 322,1971 399,1963 460,1976 494,1963 660,1971 680,1960 719,1976 803,1968 837,1950 852,1960 896,1950 936,1966 977,1953 995,1966 1041,1958 1052,1968 1093,1955 1139,1976 1200,1945 1256,1963 1338,1955 1379,1973 1410,1945 1472,1963 1507,1945 1530,1960 1553,1960 1571,1945 1640,1958 1658,1940 1684,1948 1702,1937 1751,1955 1768,1948 1792,1968 1820,1945 1845,1948 1871,1971 1879,1966 1886,1996 1879,2030 1832,2035 1817,2019 1802,2030 1745,2027 1733,2040 1684,2012 1640,2040 1592,2027 1566,2040 1500,2027 1472,2042 1448,2030 1431,2040 1405,2017 1379,2042 1367,2032 1326,2042 1272,2032 1190,2042 1172,2027 1116,2032 1093,2050 1057,2032 1031,2045 990,2032 952,2053 934,2035 872,2050 844,2024 824,2035 775,2035 760,2024 709,2037 665,2027 622,2045 542,2037 529,2050 506,2030 463,2037 450,2024 317,2045 258,2035"/>
        <Baseline points="258,2014 394,2009 896,2012 1016,2004 1236,2007 1889,1999"/>
        <TextEquiv>
          <Unicode>tombes d’herbe ou de fleurs, les pierres verdiront sous la</Unicode>
        </TextEquiv>
      </TextLine>

    
    
      <TextLine id="eSc_line_326505" >
        <Coords points="258,2101 266,2050 304,2071 330,2058 404,2068 432,2055 445,2063 532,2053 552,2063 706,2050 750,2063 885,2050 975,2068 1226,2068 1249,2048 1280,2071 1326,2060 1374,2076 1395,2060 1443,2065 1459,2053 1477,2065 1518,2063 1543,2081 1566,2060 1587,2063 1610,2048 1687,2058 1707,2073 1792,2050 1804,2060 1830,2055 1868,2083 1891,2063 1966,2060 2001,2045 2030,2063 2058,2063 2065,2091 2055,2122 1881,2122 1861,2135 1827,2122 1728,2135 1699,2117 1681,2127 1664,2117 1633,2127 1592,2119 1553,2137 1530,2122 1390,2137 1372,2122 1349,2137 1287,2117 1251,2137 1231,2124 1131,2124 1047,2145 1026,2127 960,2135 924,2117 908,2129 844,2129 826,2145 808,2132 727,2135 696,2124 657,2145 609,2119 583,2142 524,2129 499,2150 478,2150 417,2137 363,2147 320,2127 263,2124"/>
        <Baseline points="261,2104 1031,2099 1510,2099 1548,2091 2068,2094"/>
        <TextEquiv>
          <Unicode>mousse, mais les naines survivront à la paix ; cette paix, quelle</Unicode>
        </TextEquiv>
      </TextLine>

    
    
      <TextLine id="eSc_line_326511" >
        <Coords points="268,2191 271,2165 320,2163 337,2150 386,2147 407,2168 430,2163 453,2176 473,2155 509,2152 519,2163 550,2145 596,2147 622,2170 650,2145 714,2155 757,2142 770,2155 798,2150 824,2160 862,2142 952,2160 983,2142 1024,2145 1039,2158 1100,2137 1157,2155 1177,2135 1228,2147 1290,2122 1308,2140 1328,2132 1372,2147 1410,2135 1479,2152 1525,2127 1543,2140 1602,2135 1615,2147 1643,2135 1684,2140 1699,2127 1771,2137 1799,2127 1861,2137 1879,2127 1886,2178 1879,2199 1827,2214 1792,2193 1751,2219 1699,2206 1502,2222 1484,2206 1454,2224 1431,2204 1405,2227 1359,2214 1308,2222 1292,2234 1269,2219 1172,2222 1146,2206 1098,2224 1064,2206 1029,2227 1018,2216 929,2222 903,2204 852,2240 819,2222 742,2211 691,2219 665,2240 632,2237 614,2219 596,2234 578,2219 542,2234 522,2219 488,2227 453,2206 396,2232 273,2227"/>
        <Baseline points="268,2191 860,2196 888,2191 1123,2191 1192,2183 1848,2186 1886,2178"/>
        <TextEquiv>
          <Unicode>quelle soit, fût-elle, comme je l&#39;espère, l&#39;écrasement de</Unicode>
        </TextEquiv>
      </TextLine>

    
    
      <TextLine id="eSc_line_326506" >
        <Coords points="266,2288 271,2252 320,2229 381,2250 437,2240 606,2250 691,2240 711,2222 765,2263 808,2237 936,2234 995,2250 1018,2229 1064,2237 1082,2224 1167,2240 1233,2240 1254,2224 1297,2245 1323,2227 1338,2240 1387,2232 1405,2247 1425,2229 1448,2232 1482,2214 1502,2229 1541,2216 1582,2229 1602,2214 1617,2227 1633,2219 1658,2242 1679,2222 1728,2222 1740,2232 1763,2216 1820,2240 1838,2222 1912,2216 1930,2234 1937,2275 1917,2301 1879,2306 1850,2288 1830,2304 1763,2311 1740,2298 1635,2298 1528,2314 1507,2296 1464,2316 1418,2304 1351,2319 1323,2301 1303,2316 1262,2296 1239,2309 1198,2309 1180,2296 1164,2311 1057,2306 1047,2316 872,2304 839,2316 778,2306 768,2316 737,2311 719,2327 706,2314 686,2316 668,2332 637,2309 599,2311 581,2329 552,2316 537,2324 512,2298 468,2319 432,2314 412,2332 363,2314 345,2327 317,2301 279,2319 271,2311"/>
        <Baseline points="268,2291 302,2286 680,2288 755,2283 1134,2283 1192,2278 1940,2278"/>
        <TextEquiv>
          <Unicode>l&#39;Empire allemand, la rédemption de l’Alsace-Lorraine, n’em-</Unicode>
        </TextEquiv>
      </TextLine>

    
    
      <TextLine id="eSc_line_326502" >
        <Coords points="258,2383 263,2350 309,2329 332,2339 386,2332 468,2344 506,2329 524,2342 860,2329 931,2350 985,2321 1021,2342 1049,2316 1059,2327 1098,2319 1108,2329 1152,2319 1190,2337 1213,2324 1269,2327 1300,2339 1326,2316 1420,2321 1431,2311 1474,2327 1543,2311 1569,2332 1605,2311 1633,2314 1653,2332 1679,2309 1753,2319 1840,2306 1879,2327 1896,2314 1943,2314 1955,2327 1978,2311 1986,2365 1973,2393 1891,2388 1843,2398 1830,2388 1766,2398 1715,2380 1669,2393 1651,2380 1610,2403 1502,2385 1482,2401 1448,2393 1405,2406 1367,2396 1290,2401 1264,2383 1241,2401 1172,2401 1149,2385 1131,2401 1082,2396 1064,2406 1024,2396 1000,2403 990,2393 952,2401 929,2385 852,2416 819,2401 611,2406 591,2393 578,2406 522,2406 496,2424 465,2406 448,2416 376,2406 355,2421 332,2403 309,2403 284,2424 263,2406"/>
        <Baseline points="258,2383 296,2378 535,2380 588,2375 673,2375 737,2368 1797,2370 1927,2362 1986,2365"/>
        <TextEquiv>
          <Unicode>pêchera pas l’Allemagne d’avoir des enfants ; elle n’empêchera</Unicode>
        </TextEquiv>
      </TextLine>

    
    
      <TextLine id="eSc_line_326504" >
        <Coords points="261,2467 273,2429 314,2437 348,2421 376,2444 407,2416 435,2429 527,2419 542,2432 565,2421 693,2421 709,2408 721,2421 783,2429 852,2414 870,2426 908,2419 926,2429 952,2419 977,2429 1000,2416 1062,2437 1123,2414 1162,2432 1182,2414 1200,2419 1216,2408 1256,2424 1285,2414 1313,2424 1328,2411 1415,2411 1451,2437 1484,2411 1512,2406 1538,2419 1574,2406 1666,2408 1684,2421 1743,2391 1758,2403 1832,2398 1994,2419 2009,2457 1994,2483 1948,2480 1927,2465 1907,2480 1784,2480 1761,2462 1740,2480 1694,2488 1671,2470 1635,2493 1556,2483 1538,2498 1459,2470 1433,2488 1390,2490 1374,2478 1310,2501 1231,2488 1210,2503 1200,2493 1167,2501 1139,2488 1085,2503 1013,2503 929,2483 880,2498 709,2483 663,2506 640,2493 558,2498 491,2485 409,2508 373,2480 332,2513 309,2496 291,2508 266,2506"/>
        <Baseline points="261,2467 417,2472 501,2462 565,2460 1584,2462 1610,2457 1728,2455 2009,2457"/>
        <TextEquiv>
          <Unicode>pas ces enfants d’avoir dans les veines la volonté de vivre et</Unicode>
        </TextEquiv>
      </TextLine>

    
    
      <TextLine id="eSc_line_326507" >
        <Coords points="273,2565 279,2526 304,2511 335,2521 422,2511 504,2524 532,2508 576,2524 593,2508 614,2521 660,2508 696,2519 729,2506 783,2513 796,2501 842,2521 878,2503 893,2516 957,2508 990,2521 1026,2506 1039,2516 1075,2506 1090,2521 1116,2508 1136,2519 1182,2506 1218,2521 1267,2501 1297,2521 1320,2501 1377,2516 1400,2501 1418,2511 1459,2496 1477,2508 1500,2490 1536,2503 1704,2490 1720,2501 1740,2490 1766,2511 1799,2511 1838,2483 1881,2516 1907,2516 1932,2493 1989,2544 1958,2577 1809,2570 1781,2580 1733,2560 1712,2575 1669,2577 1646,2557 1600,2580 1556,2572 1479,2583 1456,2565 1433,2585 1410,2585 1374,2562 1351,2585 1333,2580 1297,2598 1272,2580 1218,2595 1175,2580 1146,2593 1064,2580 1026,2580 1016,2590 977,2590 967,2580 837,2583 824,2593 801,2577 750,2603 724,2580 698,2590 652,2570 624,2590 576,2580 527,2598 440,2575 419,2593 360,2590 337,2577 309,2603 279,2595"/>
        <Baseline points="273,2565 320,2560 491,2552 1423,2554 1720,2542 1922,2544 1953,2539 1989,2544"/>
        <TextEquiv>
          <Unicode>de se venger; la défaite les stimulera ; et alors? Il arrivera</Unicode>
        </TextEquiv>
      </TextLine>

    
    
      <TextLine id="eSc_line_326512" >
        <Coords points="268,2639 286,2603 394,2606 417,2616 430,2606 450,2613 486,2588 535,2611 696,2600 739,2621 791,2593 839,2606 890,2603 929,2598 944,2583 967,2603 980,2593 1029,2611 1047,2595 1095,2611 1134,2588 1152,2603 1185,2593 1200,2603 1277,2603 1356,2588 1369,2575 1425,2603 1459,2575 1474,2590 1489,2577 1607,2593 1664,2583 1756,2593 1797,2583 1822,2600 1853,2577 1899,2598 1912,2593 1920,2634 1914,2664 1804,2659 1763,2672 1730,2657 1669,2670 1648,2654 1594,2667 1564,2652 1546,2670 1456,2662 1423,2677 1410,2667 1297,2672 1244,2662 1200,2680 1187,2670 1154,2680 1141,2667 1044,2664 995,2677 921,2672 901,2657 867,2680 857,2670 752,2672 732,2662 716,2677 668,2672 627,2682 593,2667 555,2685 512,2667 478,2688 453,2667 407,2700 348,2664 312,2685 273,2667"/>
        <Baseline points="268,2639 302,2647 993,2647 1382,2634 1920,2634"/>
        <TextEquiv>
          <Unicode>ce que j&#39;ai dit, redit sans cesse, inutilement de la guerre:</Unicode>
        </TextEquiv>
      </TextLine>

    
    
      <TextLine id="eSc_line_326508" >
        <Coords points="284,2731 296,2693 317,2700 343,2690 368,2705 409,2708 432,2690 453,2700 504,2698 522,2682 535,2695 616,2700 634,2688 696,2703 744,2685 760,2695 862,2695 875,2685 901,2695 947,2672 975,2690 1044,2680 1100,2700 1123,2682 1154,2682 1180,2700 1205,2677 1262,2670 1280,2685 1346,2675 1384,2698 1400,2682 1489,2685 1505,2670 1528,2682 1546,2670 1564,2682 1600,2672 1612,2680 1638,2659 1666,2680 1745,2680 1786,2667 1820,2698 1848,2693 1871,2672 1904,2693 1935,2672 2019,2670 2032,2723 2012,2752 1935,2752 1917,2739 1853,2762 1797,2752 1674,2762 1646,2746 1607,2754 1592,2741 1561,2767 1528,2752 1492,2767 1464,2752 1400,2762 1390,2752 1367,2772 1346,2757 1292,2749 1267,2767 1254,2757 1187,2757 1162,2772 1139,2757 1111,2772 1047,2757 1000,2769 977,2762 965,2772 921,2757 875,2772 847,2752 808,2782 785,2762 755,2762 742,2775 691,2762 660,2780 611,2762 565,2767 552,2754 517,2769 465,2764 424,2775 401,2759 307,2782 289,2767"/>
        <Baseline points="286,2734 742,2739 775,2734 1103,2734 1239,2726 2034,2726"/>
        <TextEquiv>
          <Unicode>elle sera toujours à recommencer. En attendant, l’Allemagne au-</Unicode>
        </TextEquiv>
      </TextLine>

    
    
      <TextLine id="eSc_line_326503" >
        <Coords points="271,2821 276,2785 320,2777 343,2790 363,2780 394,2792 437,2782 499,2798 552,2785 732,2782 762,2767 798,2792 821,2777 957,2782 990,2767 1085,2785 1113,2785 1126,2772 1175,2777 1187,2790 1213,2769 1315,2780 1344,2762 1364,2777 1402,2764 1425,2785 1451,2764 1515,2785 1533,2772 1594,2764 1628,2790 1674,2764 1720,2769 1756,2759 1792,2782 1827,2764 1891,2769 1899,2821 1838,2880 1797,2846 1730,2839 1687,2849 1674,2836 1640,2851 1564,2854 1528,2887 1474,2849 1390,2872 1359,2846 1310,2880 1259,2844 1223,2849 1185,2885 1157,2862 1116,2864 1090,2851 1016,2862 1000,2877 983,2862 934,2867 919,2854 839,2864 785,2851 744,2851 716,2880 673,2851 642,2867 622,2854 578,2885 532,2856 504,2869 494,2859 427,2864 396,2854 376,2872 350,2859 330,2877 304,2854 276,2869"/>
        <Baseline points="273,2823 337,2831 578,2831 1866,2821 1900,2822"/>
        <TextEquiv>
          <Unicode>ra perdu ou disqualifié l&#39;élite que nous essayions d’aller</Unicode>
        </TextEquiv>
      </TextLine>

    
    </TextRegion>
    
  </Page>
</PcGts>
