2304 3072
624 7 1971 140 Nous voyons que la même attitude sobre domine
307 128 2053 238 l’action de la France. Aucune forfanterie n’est à signaler
325 227 2104 330 dans aucun des pays coalisés pour détruire la domination mi-
307 332 1907 435 litaire prussienne, mais une résolution inébranlable.
611 435 2030 542 Evidemment il n'y a rien à faire pour nos grou-
309 532 2145 640 pes ou pour notre action. Pour le moment, il y a la guerre et
314 634 2127 739 rien que la guerre, et nous allons tous prier pour le succès
317 737 2119 844 de nos armes et faire chacun son possible pour y contribuer.
322 832 366 919 M
604 834 2001 934 Mais si, comme nous l'espérons tous, le succ ès
330 926 2209 1044 couronne nos armes, et si nous avons à imposer à la menace alle
330 1031 2211 1134 mande nos conditions, je pense que nous aurons alors notre rôle
307 1123 2216 1241 Notre attitude doit être, selon moi, de chercher les bases d’une
320 1226 2142 1341 paix durable et non précaire ou temporaire. Personne ne cher-
317 1326 2058 1428 che l’humiliation du peuple allemand. Ce que nous voulons
325 1425 2094 1533 c’est la destruction du système prussien, qui garde tout le
314 1525 2083 1625 monde sous les armes et constitue une menace constante pour
320 1617 2142 1730 la civilisation. J'espère que dans tout réarrangement de ter-
317 1720 2063 1825 ritoire on prendra comme point de départ le principe de la
317 1822 2019 1940 nationalité et q'on mettra en avant comme principe que le
317 1925 2112 2030 peuple du territoire en suspens soit appelé, comme la France
317 2017 1986 2132 a fait pour Nice et la Savoie, à décider de son sort par
335 2114 1937 2222 un plébiscite. Mais tout cela est pour l’avenir. Pour
337 2219 2094 2321 l’instant, je n'ai qu’à vous souhaiter la force et la santé
337 2311 2104 2424 de passer par cette période de terribles angoisses. J’espère
327 2414 2063 2524 que Madame d'Estournelles et votre famille se portent bien
637 2490 683 2552 n'
320 2513 2040 2616 et que vous/êtes pas trop éprouvé par des départs de nom-
327 2606 1628 2716 breux membres de votre famille pour l’armée.
645 2703 2094 2823 Tous mes meilleurs voeux et sentiments affectueux,
1088 2810 1354 2923 WEARDALE
