2304 3072
729 74 883 163 - 3 -
186 197 2071 332 à savoir que beaucoup des enfants des maris des pères et des
204 289 2063 430 frères qu'on a vu partir ne reviendront pas ; on enterre chaque
222 396 2048 532 jour un blessé ou deux, et davantage, et ainsi dans toutes les
207 494 2091 622 commune, de tout ce qui n'est pas ocoupé par les Allemands dans
202 593 2019 727 le Pays. Ainsi les épreuves nationales ont dans chaque ville
197 696 2009 816 chaque village, chaque maison, chaque cœur, leur écho local
202 793 2040 919 et individuel: la France entière, si elle était victime d’une
199 890 2096 1016 catastrophe naturelle, un tremblement de terre, une innondation
204 998 1989 1113 un incendie, serait accablée ; mais non, c’est le contraire,
199 1095 2073 1213 car la catastrophe a été déchainée par une volonté malfaisante
197 1192 2088 1315 et chacun comprend que cette volonté, laissée libre, continuera
212 1290 1996 1413 de faire le mal jusqu’à ce qu’elle soit abattue . On n'a ni
209 1397 1607 1510 le temps ni le désir de se plaindre ; on combat.
509 1492 2091 1610 Cet acharnement d’un peuple à se défendre tient beau-
207 1582 1996 1712 coup à l'acharnement bestial de son agresseur : plus l’armée
197 1694 1963 1812 allemande se montre barbare, plus elle personnifie le fléau
212 1794 2001 1909 dont il faut qu'on se rende maître. La discipline volontaire
199 1891 2063 2009 de la France, la bonne organisation de son armée, de ses trans-
197 1989 2083 2109 ports, de ses ravitaillements sont autant de fait qui attestent
209 2076 2019 2199 la vitalité de son régime démocratique et qui nous rassu££r££rent
194 2165 2012 2273 en nous prouvant que le caporalisme prussien trouvera finale-
209 2252 2014 2368 ment dans notre persistance son châtiment. Chacun sent cela,
204 2350 1996 2467 chacun crie: hardi! en mesurant ses forces non pas à celles
217 2444 2030 2562 de la brute qui nous attaque, mais à notre volonté de vaincre
207 2547 1635 2670 et à la mauvaise conscience de notre adversaire.
514 2636 2019 2780 Cet enthousiame réfléchi n’enflamme pas sans doute
