<?xml version="1.0" encoding="UTF-8"  standalone="yes"?>
<PcGts xmlns="http://schema.primaresearch.org/PAGE/gts/pagecontent/2019-07-15" xmlns:xsi="http://www.w3.org/2001/XMLSchema-instance" xsi:schemaLocation="http://schema.primaresearch.org/PAGE/gts/pagecontent/2019-07-15 http://schema.primaresearch.org/PAGE/gts/pagecontent/2019-07-15/pagecontent.xsd">
  <Metadata>
	<Creator>escriptorium</Creator>
	<Created>2021-03-18T09:57:18.205911+00:00</Created>
    <LastChange>2021-03-18T09:57:18.205933+00:00</LastChange>
  </Metadata>
  <Page imageFilename="P1110407.JPG" imageWidth="2304" imageHeight="3072">

    

    
    <TextRegion id="eSc_dummyblock_">
    
    
      <TextLine id="eSc_line_230536" >
        <Coords points="870,140 875,87 906,112 939,87 990,112 1031,112 1039,140 988,192 947,197 931,181 911,197 890,176 875,181"/>
        <Baseline points="870,140 970,135 1039,140"/>
        <TextEquiv>
          <Unicode>- 6 -</Unicode>
        </TextEquiv>
      </TextLine>

    
    
      <TextLine id="eSc_line_230538" >
        <Coords points="529,271 535,235 586,204 673,250 714,230 724,240 737,235 762,261 819,232 852,261 875,245 947,256 977,248 998,266 1013,253 1088,253 1111,273 1131,256 1182,268 1218,253 1249,276 1272,263 1387,276 1420,253 1438,273 1474,271 1489,307 1482,340 1428,353 1415,340 1359,345 1338,335 1274,350 1251,332 1177,340 1126,332 1111,320 1049,355 1008,350 980,322 921,327 898,317 875,327 844,307 773,340 673,340 655,320 629,340 581,325 560,335 532,327"/>
        <Baseline points="532,273 714,281 847,289 995,289 1192,299 1331,309 1492,309"/>
        <TextEquiv>
          <Unicode>Mais il ne faut pas nous presser.</Unicode>
        </TextEquiv>
      </TextLine>

    
    
      <TextLine id="eSc_line_230540" >
        <Coords points="540,384 547,335 586,345 645,337 668,348 698,340 752,353 770,343 890,353 913,368 942,350 975,350 1000,373 1029,353 1152,358 1203,378 1226,358 1264,360 1287,384 1320,363 1400,373 1413,360 1459,378 1530,355 1556,376 1584,366 1610,378 1640,355 1666,371 1692,358 1738,373 1807,376 1825,366 1861,371 1894,345 1927,376 1955,360 1963,407 1955,448 1927,437 1894,442 1840,473 1786,460 1704,465 1687,448 1656,471 1620,460 1597,437 1564,458 1523,437 1497,463 1472,463 1454,478 1410,455 1379,465 1333,455 1285,463 1256,440 1228,458 1175,458 1144,445 1118,455 1093,430 1059,432 1031,455 1013,450 1003,460 970,432 944,455 919,442 890,448 867,427 826,440 788,427 750,442 711,419 688,442 652,419 616,437 542,404"/>
        <Baseline points="542,386 614,381 727,381 760,389 814,394 988,391 1024,401 1057,404 1497,404 1592,414 1966,409"/>
        <TextEquiv>
          <Unicode>Gardons-nous de sortir de notre rôle d’éducateurs,</Unicode>
        </TextEquiv>
      </TextLine>

    
    
      <TextLine id="eSc_line_230542" >
        <Coords points="227,471 232,437 279,427 325,445 360,419 407,448 481,437 555,450 573,437 632,450 650,440 716,455 770,448 798,468 824,453 949,458 972,442 1000,463 1062,455 1080,465 1108,455 1141,483 1167,463 1308,465 1328,455 1359,471 1441,471 1456,481 1474,468 1525,471 1553,455 1630,486 1687,463 1804,465 1827,488 1850,471 1894,473 1909,486 1927,473 1978,471 2032,486 2040,512 2032,565 2022,568 1999,552 1968,568 1940,545 1840,568 1822,568 1799,545 1763,568 1707,558 1679,565 1661,552 1620,563 1592,540 1571,558 1543,537 1510,565 1461,552 1387,568 1341,558 1318,535 1259,560 1218,547 1198,555 1169,535 1141,558 1090,547 1059,560 1018,542 995,558 965,532 942,547 885,555 829,527 811,542 785,537 773,547 739,527 716,545 678,545 647,519 624,537 555,529 537,537 499,517 463,542 435,527 363,519 322,532 261,512 245,522 232,509"/>
        <Baseline points="230,473 430,488 678,483 762,496 916,494 1285,504 1374,512 1999,514 2042,512"/>
        <TextEquiv>
          <Unicode>et de nous laisser entrainer à substituer notre effort de per-</Unicode>
        </TextEquiv>
      </TextLine>

    
    
      <TextLine id="eSc_line_230543" >
        <Coords points="238,576 248,542 322,545 348,535 468,550 496,537 524,563 545,545 616,537 637,558 691,545 742,555 755,545 796,573 819,555 1011,565 1175,565 1195,555 1277,586 1323,560 1369,578 1392,565 1415,573 1443,563 1492,568 1510,581 1530,565 1710,573 1730,563 1763,581 1792,560 1812,576 1863,570 1879,586 1925,568 1989,570 2009,606 2001,665 1920,652 1850,665 1802,655 1730,660 1712,645 1694,660 1661,663 1625,640 1597,660 1492,650 1448,657 1413,647 1285,657 1262,637 1231,655 1213,642 1047,655 1026,637 970,652 942,632 880,647 867,637 788,642 768,627 698,645 686,634 670,647 578,632 542,645 519,629 486,640 404,624 299,632 243,601"/>
        <Baseline points="240,578 427,588 650,586 752,599 1082,596 1763,606 2012,609"/>
        <TextEquiv>
          <Unicode>suasion à l&#39;action gouvernementale. Ne nous pressons pas. Les</Unicode>
        </TextEquiv>
      </TextLine>

    
    
      <TextLine id="eSc_line_230545" >
        <Coords points="243,678 248,642 266,629 309,647 340,632 409,660 455,645 540,650 583,675 632,650 655,650 680,668 714,640 752,657 867,657 893,642 944,670 960,657 1041,660 1093,647 1146,678 1167,663 1274,652 1320,657 1341,673 1364,657 1408,663 1487,650 1530,668 1574,657 1597,665 1612,655 1635,668 1687,665 1707,655 1735,678 1779,657 1807,668 1884,660 1935,683 1960,668 2058,663 2081,675 2088,704 2081,750 2053,762 1991,750 1971,762 1937,744 1899,760 1822,752 1786,762 1766,747 1669,755 1628,734 1607,750 1574,752 1533,750 1507,734 1469,752 1443,750 1423,732 1367,750 1310,747 1282,732 1262,750 1216,744 1200,732 1175,752 1121,739 1085,750 1034,739 947,747 903,729 885,744 849,747 762,727 683,747 650,732 616,742 560,737 545,747 442,719 419,732 350,729 332,739 281,737 248,721"/>
        <Baseline points="245,680 389,691 596,688 645,696 742,701 1377,698 1428,704 1768,704 1922,705 2014,705 2091,704"/>
        <TextEquiv>
          <Unicode>Etats-Unis, si éprouvés qu’ils soient indirectement par la guer-</Unicode>
        </TextEquiv>
      </TextLine>

    
    
      <TextLine id="eSc_line_230546" >
        <Coords points="245,780 250,747 309,747 343,773 386,747 491,744 509,757 606,752 624,742 650,762 675,750 742,752 762,765 788,747 862,744 878,757 903,742 939,762 965,747 1018,757 1123,744 1205,765 1228,747 1290,778 1331,747 1402,750 1415,760 1438,752 1464,768 1497,744 1512,760 1623,747 1633,757 1689,757 1712,775 1768,755 1779,765 1825,752 1858,762 1989,762 1996,796 1989,855 1932,855 1909,834 1886,852 1845,852 1822,834 1799,855 1753,855 1738,842 1679,855 1669,844 1615,847 1594,829 1569,849 1510,844 1487,826 1456,849 1328,842 1310,826 1282,844 1218,844 1167,819 1111,839 1034,844 936,837 916,821 896,839 811,847 773,826 739,844 668,832 576,842 514,816 473,839 440,834 417,844 394,832 322,829 312,839 250,829"/>
        <Baseline points="248,783 414,788 1254,791 1280,796 1395,796 1459,803 1999,798"/>
        <TextEquiv>
          <Unicode>re, n’en vont pas moins profiter de cette terrible expérience</Unicode>
        </TextEquiv>
      </TextLine>

    
    
      <TextLine id="eSc_line_230547" >
        <Coords points="256,878 261,847 373,847 386,857 404,844 460,852 501,839 558,855 588,842 611,852 724,847 742,862 752,852 885,842 960,852 983,839 1003,857 1039,849 1077,860 1098,847 1157,855 1195,844 1210,855 1259,847 1287,870 1323,847 1374,844 1405,870 1446,852 1530,860 1556,844 1584,857 1600,844 1615,857 1643,847 1664,860 1697,852 1738,867 1763,855 1960,852 2007,867 2022,898 2014,939 1999,952 1966,936 1948,952 1856,952 1815,939 1710,947 1679,926 1658,944 1600,944 1566,924 1520,947 1379,934 1280,939 1259,924 1221,947 1182,936 1090,942 1072,931 1041,942 1006,919 972,942 960,931 947,942 896,931 878,944 855,929 832,939 762,924 739,942 724,929 599,939 570,916 524,934 481,919 399,931 355,911 320,931 276,936 261,924"/>
        <Baseline points="256,878 320,883 345,888 762,888 965,896 1984,893 2022,898"/>
        <TextEquiv>
          <Unicode>pour banir toute velléité de retour aux caricatures roosevel-</Unicode>
        </TextEquiv>
      </TextLine>

    
    
      <TextLine id="eSc_line_230549" >
        <Coords points="256,988 261,944 291,947 302,936 322,949 363,939 407,949 419,939 453,962 476,942 524,954 540,942 627,936 642,949 673,949 693,936 757,947 803,934 901,954 934,944 1013,954 1141,942 1205,954 1280,944 1328,975 1359,949 1523,952 1556,939 1589,954 1661,949 1687,967 1710,952 1751,952 1774,965 1812,944 1853,954 1950,954 1971,944 1984,954 2063,954 2086,988 2078,1031 2058,1018 2042,1029 2027,1016 1935,1054 1894,1036 1809,1044 1792,1029 1728,1047 1640,1034 1630,1044 1553,1034 1507,1044 1474,1031 1410,1041 1395,1029 1367,1041 1338,1021 1315,1041 1241,1034 1223,1044 1190,1034 1164,1047 1098,1036 1080,1021 1062,1036 1024,1041 998,1021 970,1039 929,1036 911,1021 857,1039 750,1026 732,1041 704,1021 686,1036 652,1039 619,1018 586,1036 563,1029 550,1039 517,1036 496,1018 455,1031 376,1026 360,1036 320,1018 296,1029 261,1008"/>
        <Baseline points="256,990 368,985 1175,985 1402,985 1922,990 2088,990"/>
        <TextEquiv>
          <Unicode>tistes de l’impérialisme napoléonien, britannique ou germanique.</Unicode>
        </TextEquiv>
      </TextLine>

    
    
      <TextLine id="eSc_line_230551" >
        <Coords points="545,1080 547,1041 565,1039 660,1044 683,1062 737,1041 1003,1041 1044,1070 1095,1041 1180,1047 1198,1062 1218,1049 1320,1041 1344,1064 1387,1036 1410,1052 1441,1052 1464,1036 1482,1052 1556,1052 1582,1039 1605,1062 1617,1047 1653,1041 1684,1064 1707,1047 1745,1049 1781,1036 1794,1049 1894,1041 1930,1077 1958,1049 1991,1047 1999,1085 1991,1141 1935,1144 1863,1134 1832,1141 1822,1131 1784,1139 1763,1118 1743,1136 1553,1141 1523,1113 1492,1141 1466,1131 1413,1136 1387,1118 1372,1134 1328,1128 1313,1144 1285,1118 1264,1134 1175,1136 1126,1111 1075,1134 1016,1134 993,1113 929,1139 711,1121 668,1134 647,1113 632,1128 591,1113 560,1134 547,1121"/>
        <Baseline points="545,1080 765,1077 801,1082 1049,1082 1136,1090 1999,1085"/>
        <TextEquiv>
          <Unicode>Vous, Americains, vous avez condamné et exécuté, i-</Unicode>
        </TextEquiv>
      </TextLine>

    
    
      <TextLine id="eSc_line_230553" >
        <Coords points="268,1182 279,1134 307,1154 327,1136 353,1149 437,1136 512,1152 542,1131 634,1139 655,1154 696,1131 734,1128 765,1144 837,1141 860,1159 901,1139 975,1134 1041,1144 1075,1134 1085,1144 1100,1131 1131,1146 1162,1136 1290,1134 1310,1152 1333,1136 1369,1144 1392,1134 1446,1144 1664,1146 1676,1157 1699,1141 1920,1144 1940,1157 1981,1144 2024,1154 2032,1177 2024,1200 1999,1210 1943,1198 1863,1216 1845,1231 1817,1208 1768,1213 1753,1203 1730,1205 1702,1231 1671,1228 1640,1203 1594,1208 1571,1228 1533,1205 1474,1226 1441,1203 1402,1228 1372,1203 1308,1228 1236,1216 1210,1226 1131,1218 1111,1231 1057,1231 1029,1218 985,1239 967,1228 906,1228 888,1216 826,1231 709,1228 693,1218 673,1226 652,1208 619,1226 547,1216 535,1226 384,1218 371,1231 355,1221 325,1231 273,1216"/>
        <Baseline points="268,1182 2032,1177"/>
        <TextEquiv>
          <Unicode>y a plus d’un siècle, l’impérialisme britannique ; l’Europe en-</Unicode>
        </TextEquiv>
      </TextLine>

    
    
      <TextLine id="eSc_line_230554" >
        <Coords points="261,1277 271,1236 373,1233 422,1251 453,1236 481,1256 504,1239 696,1239 711,1226 747,1244 765,1231 842,1244 865,1228 898,1239 921,1223 985,1239 1026,1223 1213,1239 1233,1226 1303,1236 1331,1226 1400,1239 1418,1223 1443,1241 1482,1231 1589,1241 1666,1226 1717,1241 1830,1239 1853,1254 1902,1233 1966,1236 1991,1254 2009,1239 2048,1239 2076,1256 2083,1277 2055,1308 2004,1295 1922,1308 1853,1287 1827,1305 1669,1295 1623,1323 1584,1300 1548,1326 1505,1303 1472,1300 1420,1300 1397,1318 1359,1323 1338,1313 1310,1328 1182,1315 1093,1328 1054,1305 998,1331 965,1308 931,1323 906,1308 883,1323 719,1313 686,1323 581,1323 563,1308 506,1323 478,1305 445,1331 414,1318 345,1328 330,1315 302,1331 281,1313 266,1315"/>
        <Baseline points="261,1277 389,1282 599,1277 2083,1277"/>
        <TextEquiv>
          <Unicode>suite a condamné et exécuté l’impérialisme napoléonien ; elle va</Unicode>
        </TextEquiv>
      </TextLine>

    
    
      <TextLine id="eSc_line_230555" >
        <Coords points="250,1367 256,1338 276,1331 317,1341 327,1331 407,1336 419,1326 442,1338 465,1328 614,1338 706,1328 783,1336 801,1323 857,1341 921,1328 942,1346 972,1326 1003,1336 1029,1323 1085,1336 1164,1331 1198,1344 1251,1328 1354,1336 1369,1323 1448,1336 1482,1326 1497,1336 1556,1328 1630,1344 1671,1328 1753,1338 1789,1326 1845,1338 1886,1328 1945,1336 1963,1351 1981,1336 2017,1331 2058,1336 2073,1367 2065,1431 2037,1436 1984,1425 1953,1400 1904,1395 1830,1428 1756,1395 1689,1395 1630,1420 1582,1397 1533,1397 1500,1423 1477,1410 1413,1425 1374,1418 1292,1428 1269,1418 1251,1425 1208,1395 1162,1395 1118,1425 1077,1408 1044,1425 1003,1418 975,1428 934,1408 903,1431 888,1418 793,1428 734,1415 680,1433 622,1410 537,1428 506,1420 496,1431 471,1418 424,1431 384,1418 291,1418 256,1397"/>
        <Baseline points="253,1369 355,1369 2076,1369"/>
        <TextEquiv>
          <Unicode>maintenant condamner et exécuter l’impérialisme germanique ; pro</Unicode>
        </TextEquiv>
      </TextLine>

    
    
      <TextLine id="eSc_line_230557" >
        <Coords points="256,1456 258,1433 281,1423 401,1428 422,1446 463,1423 514,1433 611,1415 647,1431 660,1423 675,1438 704,1425 857,1423 885,1443 908,1428 962,1423 980,1433 1006,1418 1039,1431 1072,1420 1126,1433 1180,1423 1195,1436 1221,1420 1241,1431 1320,1423 1333,1433 1377,1423 1428,1448 1459,1420 1579,1423 1617,1454 1653,1423 1761,1436 1779,1423 1856,1423 1917,1428 1932,1461 1925,1487 1909,1492 1774,1484 1592,1497 1582,1487 1466,1487 1390,1495 1356,1523 1331,1520 1308,1497 1259,1518 1239,1518 1221,1500 1200,1515 1118,1520 1072,1523 1054,1510 1029,1528 985,1523 967,1507 926,1520 903,1502 888,1515 862,1510 844,1520 819,1497 793,1520 609,1520 583,1500 565,1518 494,1505 471,1525 417,1528 401,1515 366,1518 350,1502 330,1520 302,1520 261,1489"/>
        <Baseline points="256,1457 1384,1469 1502,1464 1715,1461 1935,1464"/>
        <TextEquiv>
          <Unicode>fitez de cette triple expérience pour en finir, dans votre</Unicode>
        </TextEquiv>
      </TextLine>

    
    
      <TextLine id="eSc_line_230558" >
        <Coords points="245,1561 261,1528 317,1520 404,1543 481,1518 570,1533 591,1520 724,1528 742,1512 773,1523 806,1515 819,1525 972,1520 1021,1543 1047,1520 1088,1518 1205,1518 1262,1538 1292,1512 1326,1525 1479,1515 1507,1538 1533,1520 1597,1512 1623,1523 1751,1520 1771,1538 1797,1520 1856,1515 1881,1538 1909,1515 1976,1528 1984,1559 1976,1579 1950,1592 1886,1576 1861,1594 1840,1582 1794,1589 1771,1569 1730,1594 1669,1579 1602,1592 1576,1574 1548,1592 1523,1584 1495,1594 1456,1571 1433,1592 1395,1589 1361,1620 1310,1617 1264,1579 1216,1620 1180,1617 1157,1600 1136,1615 1098,1610 1067,1620 1044,1605 1018,1617 957,1610 878,1623 844,1600 814,1620 803,1610 688,1623 609,1623 593,1610 532,1620 506,1607 460,1615 445,1602 424,1617 376,1612 343,1623 325,1605 286,1617 250,1592"/>
        <Baseline points="245,1561 1418,1566 1566,1559 1984,1559"/>
        <TextEquiv>
          <Unicode>pays, avec l’impérialisme, et pour rendre à l&#39;Europe cet in-</Unicode>
        </TextEquiv>
      </TextLine>

    
    
      <TextLine id="eSc_line_230559" >
        <Coords points="258,1656 268,1625 325,1615 350,1625 391,1615 524,1625 750,1615 796,1628 834,1615 885,1628 906,1615 983,1615 998,1625 1049,1610 1059,1620 1126,1623 1154,1610 1200,1633 1233,1612 1264,1620 1280,1607 1364,1628 1384,1615 1408,1625 1472,1620 1489,1635 1518,1617 1546,1625 1658,1615 1669,1625 1692,1620 1740,1653 1794,1615 1853,1615 1881,1635 1899,1620 1971,1617 2032,1623 2040,1653 2032,1671 2017,1669 1994,1689 1963,1679 1899,1681 1881,1666 1861,1684 1792,1684 1758,1656 1715,1687 1646,1684 1630,1697 1584,1679 1528,1694 1492,1671 1418,1692 1369,1666 1349,1684 1287,1684 1262,1702 1210,1674 1162,1715 1121,1681 1082,1710 1059,1702 1031,1712 1013,1699 990,1710 962,1692 903,1715 893,1704 849,1712 811,1697 798,1710 711,1704 678,1717 642,1704 624,1715 609,1702 596,1715 560,1687 519,1722 478,1710 453,1717 414,1689 386,1707 327,1717 263,1687"/>
        <Baseline points="259,1658 2042,1655"/>
        <TextEquiv>
          <Unicode>calculable service de lui donner votre bon exemple. Cet exem-</Unicode>
        </TextEquiv>
      </TextLine>

    
    
      <TextLine id="eSc_line_230561" >
        <Coords points="256,1753 261,1722 296,1712 320,1722 345,1717 363,1733 419,1715 488,1720 514,1733 586,1712 655,1733 724,1710 788,1720 824,1710 842,1720 888,1710 901,1720 1006,1712 1095,1717 1113,1735 1144,1712 1405,1712 1469,1717 1484,1730 1500,1717 1556,1717 1576,1704 1610,1717 1625,1707 1730,1712 1748,1702 1799,1728 1838,1710 1881,1730 1907,1710 1943,1715 1971,1725 1978,1745 1971,1768 1907,1784 1881,1761 1840,1784 1794,1763 1776,1776 1671,1776 1640,1802 1612,1781 1538,1779 1505,1807 1454,1807 1423,1779 1351,1786 1300,1771 1205,1784 1123,1774 1080,1812 1067,1802 970,1812 934,1789 911,1807 862,1797 826,1809 783,1807 762,1789 737,1804 696,1807 673,1792 645,1815 591,1792 568,1812 514,1799 376,1809 358,1794 320,1815 261,1804"/>
        <Baseline points="256,1756 291,1761 558,1756 609,1761 1784,1756 1981,1748"/>
        <TextEquiv>
          <Unicode>ple sera plus efficace qu’une intervention précipitée ou su-</Unicode>
        </TextEquiv>
      </TextLine>

    
    
      <TextLine id="eSc_line_230563" >
        <Coords points="256,1858 261,1815 350,1817 389,1804 409,1817 540,1807 604,1822 660,1807 680,1822 706,1804 760,1815 806,1807 821,1817 834,1807 1126,1812 1154,1799 1185,1812 1320,1804 1344,1820 1374,1804 1500,1807 1518,1820 1541,1804 1661,1804 1710,1817 1748,1802 1853,1809 1873,1825 1902,1807 1937,1807 1958,1820 1978,1804 2078,1802 2086,1845 2078,1873 2001,1881 1976,1863 1937,1876 1902,1876 1881,1863 1840,1876 1730,1871 1712,1861 1671,1881 1607,1868 1512,1873 1497,1884 1448,1873 1431,1889 1356,1866 1285,1881 1223,1876 1203,1858 1182,1873 1134,1871 1116,1886 1098,1873 1008,1904 926,1894 870,1902 842,1884 811,1904 778,1896 752,1909 704,1889 645,1909 558,1902 527,1884 499,1904 471,1896 399,1907 317,1894 289,1907 261,1889"/>
        <Baseline points="256,1861 296,1856 460,1850 1681,1853 1886,1850 2088,1848"/>
        <TextEquiv>
          <Unicode>perficielle,si bien intentionnée soit-elle. Gardez-vous, en tous</Unicode>
        </TextEquiv>
      </TextLine>

    
    
      <TextLine id="eSc_line_230577" >
        <Coords points="256,1943 268,1914 296,1909 350,1909 394,1927 419,1907 560,1914 596,1902 645,1912 686,1909 706,1894 760,1917 780,1904 921,1896 934,1907 1006,1904 1026,1917 1039,1904 1095,1909 1111,1925 1134,1907 1246,1909 1262,1896 1344,1922 1382,1899 1413,1909 1615,1909 1658,1899 1748,1907 1771,1920 1794,1899 1848,1914 1868,1899 1912,1894 1968,1902 1978,1935 1971,1963 1943,1976 1850,1955 1825,1978 1771,1958 1717,1973 1559,1966 1482,1978 1361,1971 1338,1958 1313,1978 1300,1968 1246,1968 1236,1978 1169,1971 1139,1999 1108,1996 1054,1968 1024,1991 1006,1981 952,1999 867,1996 842,1976 816,1999 783,2004 724,2004 706,1989 583,2001 555,1981 537,1996 494,1994 476,2004 455,1991 424,2007 396,1989 363,2001 312,1989 289,1999 261,1978"/>
        <Baseline points="258,1945 691,1950 1111,1943 1213,1937 1981,1937"/>
        <TextEquiv>
          <Unicode>cas, d’apporter à l’Europe un secours d’opportunisme au lien</Unicode>
        </TextEquiv>
      </TextLine>

    
    
      <TextLine id="eSc_line_230573" >
        <Coords points="266,2035 271,2004 320,2009 340,1999 381,2012 478,2009 499,1996 524,2012 542,1999 560,2009 765,2001 801,2014 837,1999 888,2014 906,1999 1026,2004 1059,1994 1146,2001 1169,2017 1226,1991 1246,2004 1431,1996 1451,2014 1472,1999 1553,1999 1574,2009 1587,1999 1715,1991 1774,1996 1794,2012 1822,1994 1858,1994 1876,2009 1894,1996 1937,1994 1989,2007 1996,2032 1989,2060 1968,2068 1945,2055 1907,2071 1873,2053 1825,2071 1797,2053 1771,2068 1559,2058 1515,2076 1502,2065 1443,2073 1418,2063 1379,2088 1333,2071 1305,2086 1280,2063 1256,2073 1239,2058 1192,2086 1134,2068 1103,2094 1000,2078 893,2096 832,2083 729,2096 706,2078 673,2094 645,2073 611,2099 581,2086 524,2091 506,2076 430,2096 355,2073 296,2096 271,2073"/>
        <Baseline points="266,2035 366,2042 1510,2042 1771,2035 1825,2030 1996,2032"/>
        <TextEquiv>
          <Unicode>d’une intervention de principe ; n’essayez pas surtout de pro-</Unicode>
        </TextEquiv>
      </TextLine>

    
    
      <TextLine id="eSc_line_230575" >
        <Coords points="258,2137 276,2099 314,2094 355,2106 494,2101 512,2119 542,2096 588,2109 645,2096 683,2117 709,2099 816,2096 834,2114 852,2101 934,2091 1008,2099 1031,2114 1080,2091 1213,2101 1262,2091 1300,2101 1323,2086 1336,2099 1372,2099 1405,2078 1431,2099 1543,2088 1566,2101 1643,2094 1658,2081 1684,2096 1832,2083 1879,2099 1971,2088 1986,2129 1966,2158 1902,2155 1879,2137 1856,2158 1472,2158 1459,2168 1423,2158 1390,2173 1364,2160 1315,2163 1300,2176 1277,2163 1226,2163 1195,2178 1164,2163 1054,2165 1026,2145 1003,2165 967,2173 906,2168 878,2193 829,2155 803,2176 742,2163 691,2173 670,2163 627,2173 583,2163 542,2178 512,2168 486,2191 453,2181 442,2191 394,2186 378,2199 360,2183 320,2193 263,2181"/>
        <Baseline points="259,2140 814,2140 911,2137 942,2132 1697,2135 1733,2127 1853,2127 1988,2132"/>
        <TextEquiv>
          <Unicode>fiter de je ne sais quelle circonstances pour préconiser une</Unicode>
        </TextEquiv>
      </TextLine>

    
    
      <TextLine id="eSc_line_230576" >
        <Coords points="256,2240 261,2199 320,2204 345,2193 399,2204 519,2199 537,2188 555,2199 642,2199 655,2209 680,2186 742,2209 814,2188 885,2204 901,2191 1080,2196 1100,2186 1154,2188 1187,2211 1213,2188 1367,2193 1413,2173 1502,2214 1538,2183 1658,2188 1694,2176 1733,2201 1748,2188 1835,2173 1853,2186 1935,2176 1958,2188 1966,2227 1917,2252 1853,2257 1838,2247 1809,2273 1784,2255 1756,2265 1733,2245 1679,2245 1628,2278 1594,2250 1510,2250 1477,2270 1456,2255 1331,2257 1303,2280 1272,2257 1251,2275 1195,2286 1146,2270 1128,2280 1103,2270 1090,2280 1059,2265 1034,2283 1006,2273 985,2283 965,2263 911,2286 870,2273 839,2283 816,2263 768,2283 752,2273 727,2286 698,2278 675,2296 622,2278 558,2286 532,2263 519,2273 499,2263 463,2275 401,2257 391,2268 325,2268 304,2286 261,2270"/>
        <Baseline points="258,2240 299,2234 737,2234 1280,2229 1359,2224 1707,2227 1768,2222 1968,2229"/>
        <TextEquiv>
          <Unicode>paix boiteuse et sans lendemain. L&#39;opinion, jusqu’à présent</Unicode>
        </TextEquiv>
      </TextLine>

    
    
      <TextLine id="eSc_line_230565" >
        <Coords points="261,2334 266,2298 332,2291 394,2298 422,2319 445,2298 476,2293 519,2306 547,2288 683,2296 706,2283 765,2301 803,2283 865,2301 885,2283 954,2291 1003,2275 1064,2288 1146,2286 1162,2275 1231,2301 1272,2273 1310,2296 1351,2280 1395,2301 1431,2280 1600,2288 1656,2278 1681,2296 1702,2283 1825,2280 1845,2293 1884,2273 1955,2291 1973,2275 2063,2270 2081,2278 2088,2309 2078,2344 1999,2378 1950,2337 1876,2357 1853,2337 1748,2344 1712,2360 1676,2339 1584,2339 1536,2344 1500,2368 1456,2347 1428,2370 1387,2347 1269,2378 1239,2355 1210,2375 1146,2370 1131,2357 1100,2375 1070,2357 995,2375 939,2368 913,2380 832,2373 783,2383 768,2370 706,2370 686,2388 634,2365 596,2388 578,2375 545,2385 506,2368 476,2388 453,2375 435,2388 401,2388 360,2375 291,2378 266,2357"/>
        <Baseline points="262,2337 409,2332 460,2327 1218,2329 1308,2321 1763,2324 1907,2316 1940,2319 2091,2311"/>
        <TextEquiv>
          <Unicode>unie, se divisera et se déchirera si la guerre ne cesse que pour</Unicode>
        </TextEquiv>
      </TextLine>

    
    
      <TextLine id="eSc_line_230567" >
        <Coords points="258,2421 271,2393 327,2385 442,2391 471,2403 532,2380 599,2403 616,2388 652,2383 665,2393 768,2378 785,2388 901,2385 944,2370 970,2391 1008,2375 1047,2383 1064,2368 1095,2383 1169,2368 1228,2396 1254,2378 1305,2388 1323,2373 1346,2385 1400,2378 1443,2388 1469,2370 1569,2375 1600,2378 1615,2393 1643,2373 1669,2370 1748,2373 1763,2385 1812,2368 1858,2378 1963,2373 2001,2383 2009,2411 2001,2429 1984,2426 1950,2457 1914,2465 1868,2437 1804,2442 1766,2429 1740,2444 1610,2434 1579,2462 1548,2449 1528,2470 1492,2457 1461,2470 1438,2449 1413,2449 1390,2470 1256,2475 1246,2465 1146,2465 1105,2467 1090,2480 1062,2455 1031,2472 977,2462 901,2480 867,2460 847,2472 832,2465 793,2475 768,2460 709,2478 647,2478 616,2475 586,2449 535,2480 522,2470 496,2480 471,2462 396,2488 350,2465 294,2483 263,2455"/>
        <Baseline points="261,2424 417,2426 796,2424 870,2419 1364,2421 1520,2414 1914,2408 2012,2414"/>
        <TextEquiv>
          <Unicode>cesser, par lassitude et par goût du bien-être ; elle n’accep-</Unicode>
        </TextEquiv>
      </TextLine>

    
    
      <TextLine id="eSc_line_230570" >
        <Coords points="256,2524 261,2496 279,2483 381,2488 399,2503 450,2472 465,2483 583,2483 604,2493 691,2478 752,2493 811,2470 847,2478 862,2465 898,2483 1039,2475 1067,2490 1136,2470 1185,2480 1198,2470 1226,2483 1249,2470 1425,2478 1441,2465 1530,2475 1546,2462 1566,2480 1584,2465 1633,2472 1728,2462 1786,2478 1809,2465 1886,2462 1927,2475 1963,2460 2022,2465 2042,2498 2022,2526 1945,2531 1922,2549 1904,2549 1881,2529 1830,2526 1809,2544 1771,2526 1728,2536 1623,2534 1584,2562 1520,2560 1507,2547 1466,2570 1428,2547 1392,2557 1379,2544 1354,2565 1320,2544 1303,2560 1236,2552 1157,2567 1100,2542 1059,2572 1026,2554 1016,2565 906,2557 872,2567 798,2557 778,2575 737,2554 714,2575 619,2575 606,2565 532,2560 486,2572 435,2575 419,2565 376,2577 322,2567 294,2577 261,2549"/>
        <Baseline points="258,2526 296,2524 527,2524 583,2519 803,2516 893,2511 1285,2513 1428,2506 1671,2506 1697,2501 2045,2501"/>
        <TextEquiv>
          <Unicode>tera qu’une paix supérieure, sans humiliation inutile pour les</Unicode>
        </TextEquiv>
      </TextLine>

    
    
      <TextLine id="eSc_line_230574" >
        <Coords points="273,2616 279,2580 473,2583 509,2603 542,2570 576,2580 663,2570 673,2580 721,2580 857,2562 872,2572 929,2565 947,2580 962,2567 1041,2570 1057,2580 1072,2567 1116,2562 1303,2575 1379,2570 1392,2560 1454,2560 1469,2572 1600,2560 1651,2575 1676,2554 1748,2562 1771,2552 1804,2565 1932,2554 1963,2557 1976,2593 1971,2629 1953,2644 1904,2644 1879,2624 1817,2624 1786,2644 1753,2624 1733,2631 1710,2621 1630,2621 1548,2636 1497,2631 1479,2618 1415,2652 1379,2626 1364,2629 1323,2659 1208,2659 1141,2644 1128,2654 1103,2639 1085,2654 1075,2647 980,2664 942,2649 916,2662 880,2636 852,2662 824,2641 785,2662 742,2639 706,2672 637,2639 552,2667 529,2654 506,2672 488,2662 396,2672 381,2659 350,2672 325,2649 302,2667 279,2662"/>
        <Baseline points="276,2618 670,2616 734,2608 829,2608 1267,2603 1297,2608 1441,2598 1978,2595"/>
        <TextEquiv>
          <Unicode>vaincus, (nous n’allons pas recommencer la faute irréparable</Unicode>
        </TextEquiv>
      </TextLine>

    
    
      <TextLine id="eSc_line_230569" >
        <Coords points="273,2708 279,2672 289,2670 322,2672 343,2690 371,2667 488,2677 527,2662 545,2675 663,2672 688,2662 716,2682 765,2662 896,2670 957,2659 975,2675 995,2659 1080,2652 1095,2662 1177,2657 1200,2672 1249,2657 1285,2682 1313,2659 1344,2654 1367,2672 1425,2647 1466,2659 1477,2649 1518,2659 1638,2659 1669,2649 1710,2670 1740,2641 1776,2664 1835,2649 1930,2649 1940,2688 1932,2718 1909,2713 1886,2726 1861,2713 1743,2718 1730,2708 1710,2726 1669,2716 1569,2721 1523,2741 1502,2723 1423,2723 1400,2736 1361,2716 1349,2726 1326,2721 1297,2749 1208,2757 1177,2734 1157,2752 1103,2744 1034,2759 972,2739 962,2746 939,2731 911,2754 872,2759 842,2734 808,2757 783,2752 765,2762 729,2734 686,2769 663,2746 642,2752 622,2736 583,2764 522,2757 504,2739 483,2757 419,2739 340,2757 312,2736 279,2739"/>
        <Baseline points="276,2711 450,2711 762,2708 911,2700 1172,2695 1379,2698 1497,2690 1628,2690 1689,2685 1942,2688"/>
        <TextEquiv>
          <Unicode>du Gouvernement Allemand en 1870-71 et réhabiliter, à notre</Unicode>
        </TextEquiv>
      </TextLine>

    
    
      <TextLine id="eSc_line_230572" >
        <Coords points="284,2800 286,2759 304,2769 366,2757 424,2790 460,2759 509,2769 663,2757 686,2777 719,2754 757,2762 775,2780 824,2749 878,2764 944,2744 1016,2757 1031,2769 1105,2749 1136,2764 1177,2746 1190,2757 1269,2754 1292,2764 1359,2746 1402,2757 1441,2741 1461,2754 1584,2741 1638,2769 1661,2749 1712,2749 1725,2736 1789,2762 1804,2746 1902,2741 1909,2775 1856,2816 1776,2803 1689,2816 1635,2810 1623,2821 1518,2813 1487,2826 1472,2813 1313,2821 1292,2810 1285,2821 1223,2821 1195,2836 1141,2808 1080,2818 1059,2836 1026,2805 1008,2823 980,2821 960,2841 921,2833 870,2849 837,2823 783,2821 762,2841 742,2836 727,2849 660,2841 640,2828 581,2836 558,2856 491,2816 458,2846 417,2851 376,2831 327,2828 299,2854 286,2849"/>
        <Baseline points="286,2803 424,2803 752,2798 1013,2792 1530,2790 1630,2785 1912,2777"/>
        <TextEquiv>
          <Unicode>tour, l’esprit de conquête que nous combattons), mais sans</Unicode>
        </TextEquiv>
      </TextLine>

    
    
      <TextLine id="eSc_line_230564" >
        <Coords points="286,2897 291,2859 340,2864 366,2854 384,2864 458,2849 473,2862 519,2856 545,2872 563,2856 655,2864 673,2844 729,2854 747,2846 785,2854 801,2869 829,2849 936,2841 1029,2862 1052,2839 1121,2846 1141,2862 1154,2849 1305,2839 1402,2846 1423,2862 1446,2841 1510,2839 1536,2862 1556,2844 1623,2839 1646,2859 1681,2839 1797,2841 1825,2826 1840,2841 1861,2831 1907,2839 1925,2869 1920,2903 1876,2938 1856,2928 1804,2941 1748,2931 1733,2944 1689,2918 1666,2941 1630,2944 1592,2908 1559,2905 1507,2920 1489,2910 1459,2941 1410,2905 1377,2905 1331,2944 1290,2931 1267,2944 1254,2933 1195,2949 1172,2936 1154,2951 1121,2933 1075,2931 1054,2951 1026,2941 985,2946 954,2926 929,2951 857,2933 844,2946 821,2938 768,2959 739,2938 691,2938 670,2956 657,2949 622,2961 599,2946 547,2946 519,2928 465,2972 404,2938 376,2959 355,2949 317,2956 291,2938"/>
        <Baseline points="286,2897 1597,2882 1925,2869"/>
        <TextEquiv>
          <Unicode>sacrifice non plus d’aucun des principes qui ont groupé la</Unicode>
        </TextEquiv>
      </TextLine>

    
    </TextRegion>
    
  </Page>
</PcGts>
