2304 3072
729 81 911 176 - 6 -
176 161 2129 391 videntil que peut jouer votre pays. C’est ce que j'avais expo-
189 332 2091 517 sé, avec une passion réfléchie, dans mon livre, hélas! profané
217 453 1556 586 et abandonné aux mains d’un éditeur sauvage.
529 663 2140 791 Nous sommes à Créans avec ma femme et sa petite fille
222 773 2060 893 et nos enfants ; nous avons réuni autour de nous ma soeur, Ma-
238 883 2094 1013 dame de Saint-Gervais, dont vous connaissez, je crois, le fils
227 988 2007 1103 ou le gendre, tous deux officiers dans l’Est, et ses petits
227 1090 2024 1203 enfants ; ma fille, Madame le Guillard, est ici également en
225 1192 2201 1305 convalescence ; son mari, simple soldat, est avec les autres, nous
217 1290 2037 1405 ne savons où : François était parti. Il est revenu pour quel-
225 1382 2053 1502 ques jours, à cause de son âge, qui, je l’espère, le tiendra
240 1479 2112 1605 éloigné de la frontière. Il est, avec moi hélas! le seul homme
248 1571 2053 1702 qui reste à Créans. Je fais de mon mieux pour acquitter de
243 1664 2081 1809 mes devoirs de sénateur de la Sarthe, notamment pour la gran-
238 1789 2001 1904 de question du ravitaillement de l’armée et des populations
240 1881 2165 2012 indigentes, après avoir assisté, à Paris, à la réunion vraiement
248 1986 2094 2117 magnifique de notre Parlement et aux funérailles de notre mal-
248 2091 2122 2216 heureux coll ègue et ami Jaurès. Voici les textes des paroles que
238 2191 1948 2334 j’ai prononcées ; elles résument le sentiment de nos amis.
834 2286 1753 2406 Votre bien cordialement dévoué
1047 2385 1843 2516 d'ESTOURNELLES DE CONSTANT
256 2508 2086 2626 P.S. Ci-joint également quelques extraits d'une lettre du pau-
238 2595 2063 2675 vre la Fontaine. -- Je reçois l’exemplaire anglais du Rapport
235 2657 847 2726 des Balkans. Merci.
