2304 3072
737 48 929 158 - 3 -
232 194 2101 340 qu'on traiterait trop bien même, si nous n'y prenions pas gar-
235 263 2009 435 de, et qui se rétablissent à vue d’oeil ; la plupart d’entre
227 378 2071 563 eux sont tr ès lègèrement atteints par des projectiles que des
235 499 2124 660 fournisseurs militaires allemands peu scrupuleux semblent avoir
232 576 2114 770 livrés d'une qualité très intérieure à cele ses nôtres ; et ils
235 691 1282 811 ne demandent qu’a retourner au feu.
529 806 2040 960 Aux habitants timides, à ceux qui craignent de voir
227 870 2078 1052 l’armée allemande ocouper de nouveau Clermont-Créans, come en
212 1006 2142 1157 1870-71, j’entends ma femme, dont vous connaissez les sentiments
209 1075 2099 1228 plus pacifiques encore que les miens, répondre : "En bien, s'ils
220 1205 2091 1349 viennent, ce sera une raison de plus pour rester à notre poste:
220 1277 2119 1454 nous serons à l’entrée du bourg, mon mari et moi pour protester"
245 1382 2063 1520 Je ne vois pas une mère de famille, parmi celles qui comptent
232 1474 1989 1615 les jours et les heures dans l’attente d’une lettre du fils
212 1576 2060 1756 ou du mari, ou du frère soldat, qui voudrait abréger la guerre
217 1676 1354 1797 au risque de compromettre la victoire.
512 1774 1999 1914 Les seuls lâches, ceux qu'on voit revenir méprisés,
212 1876 1940 2035 quasi déserteurs au pays, sont généralement les braillards,
209 1978 1984 2096 ceux qui n'ont cessé de réclamer la guerre, de crier d’abord
212 2071 2055 2222 "mort aux Anglais", puis "mort aux Allemands" ; "mort aus trai-
209 2173 1958 2319 tre", en attendant de crier "mort: aux Russes"; mais ceux là
207 2275 1996 2414 je n'en parle pas, il en est dans tous les pays, chez les Al-
212 2368 2009 2493 lemands comme chez nous ; je vois au contraire mes adversaires
199 2470 2004 2595 irréductibles, ceux qui n'ont cessé d’insulter, en même temps
204 2580 2083 2685 que moi, tous nos voisins, et qui les acclament maintenant comme
215 2677 2053 2785 des sauveurs, sans comprendre que c’est notre politique de con-
209 2769 2007 2874 ciliation qui leur a valu ce secours ! Je me rapelle encore les
212 2859 1932 2982 sermons du curé de Clermont-Créans, prononcés il y a quinze
207 2949 312 3036 ans
