1920 2560
998 117 1139 189 - 5 -
298 236 1847 375 stimule et nous pousse aux grandes entreprises ; à la condition
307 330 1785 450 qu'il ne nous isole pas dans l’ignorance et le dédain de tout
305 420 1557 529 ce qui lui semble inférieur ou extérieur à son moi.
736 516 1764 618 Puisse la France, respectée comme souvenir,
300 582 1702 684 n'être pas considérée uniquement par ses alliés comme une
315 672 1734 776 relique, une collection de champs de batailles et une terre
309 759 934 834 promise en partie ruinée.
716 849 1796 932 S’ils venaient à tomber dans cette erreur, la
320 917 1734 1009 terre promise ruinée deviendrait le point de départ de con-
322 1000 1683 1098 quêtes et de destructions nouvelles, dirigées cette fois
307 1090 1606 1184 non plus contre nous, mais à travers nous, contre eux.
989 1254 1691 1335 Votre affectueusement dévoué,
896 1363 1708 1506 ££
128 1629 1275 1723 à Monsieur le Président Nicholas Murray BUTLER,
614 1732 846 1804 NEW-YORK.
