1920 2560
878 83 1213 221 LETTRE N° 535.
59 174 294 279 SÉNAT
1241 251 1685 354 PARS, 23 Mai 1919.
533 458 1634 550 LE RETOUR DES INFIDELES à la DOTATION CARNEGIE.
1004 661 1395 774 Mon cher Butler,
678 819 1617 928 Je prévois que Fried ne va pas tarder à
326 921 1738 1015 s’adresser à la Dotation Carnegie pour rentrer en grâces,...
300 994 1745 1085 s'il ne l'a pas déjà fait. Il importe que vous soyez édifié
300 1085 1717 1173 sur le double fonds de sa conscience, d’abord encourageante
300 1162 1617 1250 pour les pires excès du militarisme allemand, avant la
320 1222 1738 1322 bataille de la Marne, ensuite découragée par les déceptions
296 1312 1753 1405 et les lenteurs d’une guerre qui ne nourrissait pas sa Revue.
682 1405 1625 1493 Fried a mené une campagne perfide contre
300 1474 1751 1568 Nippold, accusé du crime de loyauté par tous les publicistes
307 1563 1760 1651 allemands. Fried a été contre Nippold ; c’est naturel ; mais
298 1636 1693 1725 il ne faut pas que la Dotation puisse s'égarer à sa suite.
313 1715 1685 1809 Je vous envoie ci-joint, en 5 exemplaires, un intéressant
300 1800 1632 1892 article publié par Moch, dans "La Paix par le Droit" et
315 1875 1710 1973 intitulé ; "Un réquisitoire nécessaire". Cet article est à
317 1971 996 2065 classer au dossier de Fried.
682 2188 1804 2297 Il y a aussi la question de l'Union Interparle-
1595 2248 1811 2318 mentaire,
27 2391 1154 2504 à Monsieur le Président Nicholas Murray BUTLER.
