1920 2560
1026 149 1171 213 - 2 -
366 298 1661 403 uniquement celle de nos amis des pays interalliés, nous
381 373 1614 454 avons tenu à y inviter M. le Professeur Nippold, pour
386 450 1700 526 reconnaître hautement la part qu’il a prise à nos travaux
366 531 1772 625 et lui bien prouver que nous le considérons non pas comme un
369 610 1796 693 neutre, mais comme un de nos collaborateurs les plus dévoués
1122 723 1649 800 (approbation générale ).
710 834 1751 917 Le Président souhaite également la bienvenue
371 915 1725 994 à S.Ex. Lou Tseng Tsiang, et à M. de Lapradelle ; c’est la
369 994 1649 1066 première fois qu’ils siègent parmi nous. Notre Bureau
360 1077 1732 1152 les remercie du concours effectif qu'ils lui donnent ; nous
377 1158 1725 1248 savons ce que M. de Lapradelle a fait aux Etats-Unis ; nous
358 1235 1691 1329 lui demandons seulement, - et c’est ambitieux,- de faire
358 1316 780 1418 autant pour nous.
360 1527 791 1619 M. LE PRÉSIDENT,-
913 1546 1685 1634 Au moment où la Dotation Carnegie
360 1621 1723 1700 reprend son activité, suspendue par la guerre, nous avions
358 1700 1721 1792 besoin de nous réunir. Il nous faut renouveler notre pro-
377 1772 1794 1845 gramme ; mais auparavant résumons brièvement ce que nous avons
371 1847 1785 1928 fait pendant la guerre. -. Nous avons eu comme principe, dès
375 1924 1676 2026 le premier jour de cette guerre qu’il n’a pas dépendu de
360 2001 1734 2075 nous d'éviter, de cesser toutes relations directes ou indi-
369 2082 1760 2146 rectes avec les membres de notre bureau appartenant aux pays
366 2152 1634 2261 ennemis. Le devoir de la Dotation était, avant tout et
