1920 2560
919 4 1092 66 - 20 -
339 151 1785 247 organe hebdomadaire ou bi-mensuel. J'en prends pour exemple
322 243 1838 332 l'excellente revue de nos collaborateurs Ruyssen, Prudhommeaux
341 315 1849 433 et Dumas, "LA PAIX PAR LE DROIT" qui a une rédaction excellente,
324 409 1821 492 mais qui n'est ni assez riche, ni assez répandue pour exercer
324 494 1728 571 sur le public une action vraiment efficace. Elle fait un
326 576 1789 657 grand bien parmi ses lecteurs ; le seul dommage est que ceux-
320 654 1702 740 ci sont encore trop peu nombreux et la revue trop pauvre
334 731 968 806 pour étendre sa diffusion.
684 819 1693 898 Ce qui revient à dire qu'un journal, même
332 898 1745 979 avec des collaborateurs d’élite, n'est populaire que grâce
322 979 1821 1083 à de l'argent. C'est donc de l’argent qu’il nous faudrait, et
315 1060 1702 1139 en quantité suffisante pour être certains de mener à bien
324 1145 640 1213 l'entreprise.
317 1258 1828 1341 M. le Prof. Charles RICHET.- J'approuve énergiquement cette
315 1344 1736 1420 proposition ; c'est le bon sens même ; là est le salut ; rien
328 1425 1749 1518 ne doit compter pour arriver au résultat que pareil journal
315 1499 1634 1578 pourrait domner. Il faudrait que ce journal fut fondé
326 1582 1130 1657 demain. De qui cela d/épend-il ?
691 1702 1770 1777 (Une discussion générale s'ouvre à ce moment;
332 1783 1762 1853 chacun des membres présents est d'avis que la fondation d'un
324 1862 1770 1934 grand quotidien est le seul moyen d'aboutir à l'organisation
332 1939 1693 2009 de la paix, et qu’il serait urgent de suggérer cette fon-
315 2016 1702 2088 dation à M.M. les Trustees Américains, en insistant sur la
328 2090 1655 2169 nécessité d'une réalisation rapide, même au prix de gros
332 2176 872 2242 sacrifices d'argent. )
