1920 2560
857 145 1026 256 - 3 -
268 256 1636 394 confiance et d’avenir assuré, entre tous les autres pays ; si
251 347 1691 467 seulement il n’est pas détruit, la guerre se flattant maintenant
238 416 1646 544 de détruire la campagne aussi complètement que les villes. Et
247 505 1612 612 ces plaines, ces collines bénies, il y en a partout, dans ce
258 576 1649 693 qui reste de la France. Ailleurs l'ingéniosité de ses popula-
247 657 1602 763 tions a su entremêler les cultures et les herbages, ailleurs
232 733 1640 844 les vignes, les vergers, les bois ; les arbres mêmes viennent
243 802 1664 917 très bien le long des routes. Ces routes dont nous ne savions
249 881 1574 981 pas apprécier la beauté avant la guerre ! A présent elles se
228 953 1553 1058 ressentent seules de la guerre ; elles sont devenues, pour
226 1036 1561 1137 un bon nombre, impraticables, sous la course infernale des
241 1117 1691 1213 autos et des tracteurs. Partout où séjournèrent les Américains.
230 1188 1670 1288 il n'y a plus de routes. Vous n'êtes pas soigneux. En France,
226 1273 1640 1365 on entretenait, on rafistolait les routes, je ne sais comment,
215 1344 1559 1437 par de petits soins quotidiens ; un cantonnier qui semblait
209 1420 1612 1516 toujours inactif, baladait des cailloux, de l'herbe, du sable
209 1495 1578 1593 ou de la terre bien choisie ; il faisait la toilette de nos
206 1580 1544 1668 chemins, plus doux ainsi et plus roulants que des billards
217 1653 1493 1736 entre deux platebandes de gazon ; et ces longs tracés de
206 1730 1683 1821 rubans sinueux et entrecroisés restaient en tous sens les traits
204 1809 1617 1898 d’union de tout le pays. Nos armées essaient de nous aider à
209 1875 1597 1973 les réparer par de grands travaux ; mais elles ne savent pas;
192 1962 1553 2052 vos hommes rient de nos petits soins et les nôtres rient de
194 2039 1619 2129 vos grands efforts perdus ; et vos camions continuent de faire
192 2118 1518 2190 voler au passage, jusque dans les champs, les cailloux mal
189 2195 1629 2282 agglomérés. Il nous faudra quinze ans, si nous retrouvons des
