1920 2560
870 27 1024 121 - 3 -
145 198 1710 356 vous y trouverez des adresses où notre jeunesse apprendra à
145 298 1751 443 se déniaiser, où l’avortement la rassure sur les conséquences
134 379 1717 541 d’une imprudence et où se débitent les remèdes, les panacées
136 486 1036 597 des imposteurs et des charlatans.
128 665 1653 785 ces maux que la presse bien pensante se charge de guérir,
563 593 1760 706 Et si, par imprudence, vous parlez de prévenir
130 755 1638 876 vous êtes un mauvais patriote, vous n'êtes pas considéré.
936 947 1702 1064 Votre affectueusement dévoué,
925 1077 1457 1237 ££d'Estournelles££
2 1408 1102 1527 sieur le Président Nicholas Murray BUTLER,
420 1521 661 1625 NEW-YORK.
