1920 2560
665 172 1015 268 LETTRE N° 530.
8 187 247 296 SÉNAT
889 328 1352 435 PARIS, 11 mai 1919
317 531 1344 654 INSPECTION du BUREAU de la rue PIERRE-CURIE
588 629 1062 716 par M. Oscar STRAUS
426 695 1548 817 TRUSTEE de la DOTAIION CARNEGIE
744 938 1130 1047 Mon cher Butler,
381 1156 1585 1265 J'ai profité du séjour à Paris de M. O. STRAUS pour
147 1226 1627 1352 l'inviter à passer l’inspection de notre/bureau; ce qu’il a fait
162 1312 695 1401 hier, samedi 10 mai. -
386 1393 1702 1501 Après bientôt cinq ans de guerre, je serais fier d’avoir
136 1472 1668 1578 maintenu, comme si rien ne s’était passé, à Paris, sous le feu de
155 1553 1646 1653 l’ennemi et en dépit de suspicions et de difficultés nombreuses,
155 1636 1649 1740 ce Bureau Européen de la DOTATION CARNEGIE pour la Paix Interna-
136 1715 1600 1811 tionale; je serais fier, si j’étais capable d'être fier ; je ne
136 1794 1634 1890 le suis pas, mais ma conscience est satisfaite. La vôtre aussi
136 1870 1685 1971 l'eût été, si vous aviez été des nôtres ; et je ne veux pas croire
136 1958 1672 2056 comme vous le craignez, que votre voyage de Paris ne puisse s’ef-
147 2033 590 2122 fectuer avant 1921.
375 2114 1597 2205 L'inspection de M. Straus, dont il vous donnera sans
119 2188 1617 2299 doute le compte-rendu, a été suivie d’une réception que, malgré
10 2304 906 2408 Monsieur le Président N. Murray BUTLER
168 2380 411 2453 NEW YORK
