1920 2560
881 185 1045 245 - 4 -
238 270 1747 396 ni ses torts ni même son erreur. Sa seule faute est d’avoir été
256 356 430 422 vaincue.
488 439 1706 548 NIPPOLD estime que l’Allemagne restera soumise à son
251 512 1796 633 Gouvernement quel qu’il soit, pourvu que ce Gouvernement maintien-
230 565 1753 712 ne l'ordre on ne pourra l'éclairer que si on amène, si on oblige
251 646 1749 787 son Gouvernement par le traité de paix à reconnaître sa respon-
224 718 1766 868 sabilité. Il estime que tout est dans cette question de la respon-
234 804 1757 945 sabilité du Gouvernement allemand. Une fois cette responsabilité
241 900 1753 1021 établie par la Conférence, par une sentence acceptée du Gouverne-
226 987 1638 1098 ment allemand, les Allemands seront fixés. - Je viens de le
234 1043 1696 1179 mettre en rapport avec les Professeurs LARNAUDE et LAPRADELLE,
241 1124 1770 1277 chargés de l'étude de cette question à la Conférence. Son concours
224 1226 676 1303 leur sera précieux.
456 1314 1710 1412 La question de la responsabilité du Gouvernement alle-
224 1352 1740 1499 mand dans l’origine et dans la conduite de la guerre domine celle
228 1463 1632 1563 de la Société des Nations. Je me demande si les Gouvernements
206 1514 1623 1640 européens tiendront vraiment à laisser vider cette question,
224 1597 1651 1730 parce qu’il est impossible de juger le Kaiser et ses généraux
226 1696 1623 1796 et ses ministres et leurs complices sans admettre une lessive
204 1751 1698 1877 complète de toute la diplomatie secrète européenne, or je crois,
202 1830 1666 1949 je suis sûr que le Gouvernement allemand est le grand coupable,
206 1928 1693 2024 mais je crois aussi que, dans chaque pays, il y a eu certains mi-
206 2003 1649 2101 nistres, certains politiciens, certains personnages malfaisants
204 2058 1734 2186 et bon nombre de journaux bien pensants et intéressés qui ont pous-
198 2150 1696 2259 sé à la guerre, - cela apparaîtra clairement dans le grand procès
