1920 2560
881 23 1026 98 - 3 -
258 166 1819 298 39 millions d'habitants, nous avons 1.385.000 soldats et marins
266 245 1760 384 tués, sans compter les disparus. Il y a, en outre, beaucoup
249 339 1766 456 plus de 2 millions de blessés, malades ou invalides, soit un
241 424 1815 554 total qui n'est pas loin de quatre millions d’hommes manquants
241 507 1683 618 ou invalides, sur neuf millions de Français mobilisés....
678 603 1192 682 Comprenez bien ceci:
672 682 1770 793 Non seulement quatre millions, c’est-à-dire
241 759 1706 866 plus de 10 $ des Français, la partie la plus robuste et la
243 846 1723 951 plus active du pays ne travailleront plus, ou travailleront
224 936 1789 1043 peu, mais le reste de la population devra travailler pour eux,
230 1019 1777 1137 les servir avant de se servir. Et ce sera juste. - Sera-€t€-ce
441 989 757 1058 ££
224 1105 1681 1201 possible ? Tout est là. On évalue le chiffre annuel des
226 1171 1819 1301 pensions à prévoir à 4 milliards et, sur ces pensions trop jus-
215 1271 1717 1367 tifiées, nul n'osera proposer de faire des économies. Bien
211 1358 1751 1448 plus, et même avec économie, il restera quantité de "secours"
215 1437 1725 1533 imprévus et inévitables, des soins médicaux, chirurgicaux et
224 1531 1742 1614 pharmaceutiques nécessités par la blessure ou la maladie con-
204 1606 1847 1704 tractée ou aggravée, etc... etc...etc.... Et parmi ces maladies,
224 1698 1678 1785 il est des affections internes à longue échéance, dues aux
1538 1687 1717 1740 ££
204 1779 1792 1881 intoxications par les gaz, et dont il est impossible d'évaluer,
209 1870 1700 1949 nous dit-on, les conséquences financières. Les dépenses de
196 1941 1704 2043 première urgence vont être, en France, les cimetières et/les
217 2039 1557 2114 hopitaux. Ce n'est pas tout ; il est impossible aussi
215 2116 1760 2193 d'évaluer quel sera le nombre des parents, enfants, ascendants
206 2205 1700 2274 ou autres qui auront droit aux pensions ; et ainsi de suite.
