1920 2560
1265 44 1585 140 ££ ££ ££ ££
1344 106 1493 200 ££
93 8 362 230 ££
1019 189 1433 294 PARIS, 12 mai 1919
814 456 1209 558 Mon cher Président,
462 578 1689 693 J’ai appris par Melle PEYLADE que vous attendiez de moi
260 648 1713 768 une lettre relative aux relèvements de traitement qui paraissent
264 727 1738 840 s’imposer pour le personnel de notre Bureau européen. Depuis bien
260 804 1751 919 longtemps, en effet, j’avais recu à ce sujet de nos collaborateurs
251 878 1723 992 des réflexions et des confidences. Mais il nous avait semblé, aux
260 955 1640 1066 uns et aux autres, que le ralentissement amené nécessairement
258 1032 1768 1139 dans la vie du bureau par la guerre nous faisait un devoir d’atten-
258 1102 1725 1216 dre des jours plus favorables. Voci que la paix devient enfin une
253 1181 1674 1292 réalité. Elle va amener un retour à notre activité d’autrefois,
253 1265 1751 1378 avec un renouvellement probable de nos initiatives et de nos modes
241 1339 454 1433 d'action.
439 1416 1689 1521 Mais cette paix, contrairement à ce que l'on pouvait es-
232 1491 1683 1593 pérer, est loin d’avoir déterminé une diminution dans le coût de
243 1572 1674 1672 la vie. L'épuisement des stocks de produits, l’interdiction des
243 1646 1708 1747 importations, l’augmentation constante des valeurs fiduciaires en
234 1725 1691 1832 circulation - on vient d'émettre le quarantième milliard de bil-
230 1798 1696 1905 lets, - tout cela n’a fait qu’aggraver la situation. De là, dans
224 1877 1689 1981 toutes les carrières, pour tous les emplois, un inévitable relè-
213 1956 1698 2050 vement des salaires, des traitements et des soldes. Hier même, je
234 2028 1612 2129 lisais dans les journaux du 11 mai que le/Ministre des Travaux
8 2135 1092 2233 Monsieur le Président d'ESTOURNELLES de CONSTANT
219 2231 838 2314 34 ter rue Molitor PARIS
292 2201 486 2252 Sénateur
