1920 2560
974 125 1156 196 - 17 -
401 277 1725 352 représentants, même amis, des nations neutres. C'est en
418 356 1830 433 outre une question de bienséance: les neutres, en venant ici,
418 422 1764 509 seraient infailliblement gênés par ce fait que tout repré-
420 507 1762 582 sentant d'une nation neutre est un trait-d'union entre les
420 588 1817 674 belligérants. Nous avons tous ici tro££ de loyauté pour vou-
418 667 1659 736 loir mettre des amis neutres dans une situation aussi
420 746 1749 817 délicate ; s'ils ne disaient rien, leur silence serait em-
420 827 1702 896 barrassant pour eux, et nous nous sentirions nous-mêmes
411 900 1708 974 gênés devant telle ou telle suggestion qu'ils pourraient
401 981 659 1045 nous faire.
755 1053 1745 1130 Donc, à part l’exception qui s’imposait en
416 1130 1792 1209 faveur de M. Nippold, nous émettons comme principe que nous
394 1209 1719 1288 n'inviterons aucun neutre à nos délibérations jusqu'à la
403 1290 900 1361 signature de la paix.
1139 1408 1678 1478 (approbation générale ).
748 1504 1760 1608 L'assemblée aborde l'ART. I de son ordre du
392 1597 526 1666 jour:
780 1717 1525 1824 " PROGRAMME D'ACTION POUR 1919."
411 1809 1779 1905 M. le PRÉSIDENT.- En raison de la reprise de notre acti-
409 1898 1685 1979 vité, de l'élargissement de notre champ d'action, notre
390 1973 1777 2082 budget pour le nouvel exercice ne peut plus être établi sur
409 2050 1480 2129 les mêmes bases que celui des années de guerre.
736 2148 1792 2280 Avant la Guerre, le budget du Bureau Européen,
