1920 2560
938 17 1060 81 - 2 -
209 96 1710 232 Britannique à vouloir se saisir, lui aussi, des dépouilles de
211 183 1602 315 l'Empire allemand, et même à réclamer la Syrie.....; On
213 270 1634 392 n'aurait pas stimulé les ambitions italiennes, grecques et
200 356 1693 475 autres, etc. etc….etc... Enfin la France ne se mettra pas
194 428 1640 552 sur les bras et sur la conscience les conquêtes rêvées par
206 518 1066 616 M. Delcassé. C'est toujours cela.
640 605 1339 701 Reste la Société des Nations.
640 695 1728 785 Les Américains et les Anglais ne veulent rien
202 757 1764 872 prévoir quant aux précautions essentielles à prendre, avec nous,
204 851 1685 945 pour prévenir une nouvelle agression possible de l’Allemagne:
206 934 1634 1024 il faut cependant y penser ; et, si on y pense, prendre des
196 1013 1700 1111 précautions. Un contrôle, une organisation sont à prévoir, si
196 1105 1623 1190 on ne veut pas se borner à quelques chiffons de papier, un
215 1179 379 1248 leurre.
612 1245 1661 1354 Autre chose ; à force de polémiques sur ces
194 1335 1570 1429 questions de conquêtes d'une part, de garanties d’avenir
196 1418 1612 1508 d’autre part, les Gouvernements des Grandes puissances ont
192 1495 1706 1597 fini par faire deux camps d'un côté la Grande-Bretagne et les
206 1589 1164 1672 Etats-Unis, de l'autre la France isolée.
603 1670 1651 1747 L'isolement est tel que la langue française
187 1732 1644 1828 elle-même n’existe plus que comme souvenir, à la Conférence.
192 1817 1672 1907 Cela est inique, mais cela est surtout absurde, car j’ai vu à
185 1896 1621 1986 l'œuvre la France et le Français. Le triomphe de l’anglo-
189 1984 1574 2058 saxonisme au détriment de la France, c'est l’impérialisme
204 2060 921 2131 déchaîné dans le monde entier.
580 2137 1634 2244 Sans doute, le Gouvernement Français actuel,
