1920 2560
736 2 1079 110 LETTRE N° 514.
136 2 503 153 ££
14 128 307 279 SÉNAT
1107 179 1627 249 PARIS, 10 Avril 1919.
605 364 1194 465 LA FRANCE SACRIFIÉE .
891 576 1314 642 Mon cher Butler,
597 763 1617 866 Tandis que les membres de la Conférence se
198 861 1156 957 chamaillent, la situation se complique.
633 913 1698 1024 Et cependant, les efforts que j’ai pu tenter,
215 994 1649 1122 avec quelques-uns de mes amis, dans la situation écartée où
204 1077 1723 1211 j'ai été relégué, n'ont pas tous été vains. J'aurais pu faire
217 1160 1696 1286 beaucoup pour entretenir, entre nos Alliés et nous, des rela-
213 1233 1719 1369 tions de confiance, comme je l'avais fait aux deux Conférences
230 1314 1691 1448 de La Haye ; mais on m’a tenu en suspicion ou en oubli, loin
224 1397 1728 1536 de tout et presque hors d'état de servir la France et la paix.
247 1465 1708 1610 Peut-être ai-je été trop modeste? J'ai laissé faire, de peur
236 1550 1745 1700 de gêner, par une agitation qui me déplairait, l'action de mon
258 1625 1728 1772 gouvernement. Je me suis borné à faire de mon mieux au Sénat
264 1710 1753 1853 et dans les Commissions, dans une atmosphère d'indifférence ou
256 1789 1728 1934 d'hostilité. J'ai réussi pour ce qui concerne la Rive Gauche
256 1866 1736 2013 du Rhin. Clemenceau, en somme, est de mon avis : "pas un seul
258 1943 1732 2107 député protestataire à Paris". Telle est sa formule. Que ne
283 2028 1676 2176 l'a-t-on dit plus tôt ? On n’aurait pas encouragé l’Empire
74 2225 1220 2397 à Monsieur le Président Nicholas Murray BUTLER.
