1920 2560
921 93 1077 177 - 2 -
221 430 1770 531 me concerter avec M. VENIZELOS pour l'exécution de ce projet.
230 341 1762 448 pour que vous sachiez que je suis disposé, le cas échéant, à
232 243 1730 352 de M. VENIZELOS à ce sujet ; je vous préviens à tout hasard,
1092 588 1649 701 Affectueusement à vous,
1160 738 1666 853 ££
49 1141 1271 1256 à Monsieur le Président Nicholas Murray BUTLER,
642 1222 868 1376 NEW-YORK.
