1920 2560
891 160 1041 232 - 5 -
285 264 1828 424 rendront hommage à nos armées qui ont tenu pendant quatre années
262 354 1713 505 et demie, de Verdun à Reims et à Dunkerque, et à nos popula-
268 433 1774 578 tions qui les ont aidées à tenir ; - de même que nous rendrons
277 512 1798 665 justice à nos alliés, à commencer par les Belges, sans lesquels
266 597 1730 731 nous étions perdus ; mais je crains que les Anglo-Américains
416 663 503 706 ££
262 684 1762 821 qui avaient si vaillamment soutenu la France dans la guerre et
260 765 1723 910 qui venaient si volontiers à elle, avant cette guerre, ne la
243 838 1036 942 méconnaissent après la victoire.
667 942 1725 1060 Après tout, il en doit être ainsi peut-être,
241 1002 1725 1143 pour que chaque peuple conserve, apès la guerre, son indivi-
238 1088 1681 1211 qualité ; mais n'est-il pas triste qu'on ne puisse au moins
251 1173 1719 1294 sauver de la guerre cette belle confraternité des armes et du
232 1243 1719 1384 sacrifice d'où est né le triomphe du Droit sur la violence, de
234 1326 1041 1422 la civilisation sur la barbarie ?
635 1410 1612 1523 A distance, dans quelques années, si nos
236 1489 1704 1608 difficultés intérieures n’aigrissent pas nos relations inter-
230 1561 1696 1685 alliées, peut-être comprendra-t-on, de loin, qu’à travers ses
228 1651 1610 1760 apparentes contradictions, le charme de la France comme sa
224 1732 1687 1853 grandeur est d'être vraie, et de représenter fidèlement, avec
226 1811 1657 1930 ses faiblesses et ses vertus, l’humanité. Je crains que les
215 1885 1580 1994 Anglo-saxons ne rentrent chez eux avec le germe qu’ils ne
200 1969 1587 2073 portaient que trop en eux et que leurs grands services et
198 2043 1546 2156 leur contribution à la victoire auront encore développé :
202 2124 452 2197 l'orgueil.
612 2212 1612 2314 L'orgueil est un moteur puissant ; il nous
