1920 2560
844 258 977 326 - 3 -
349 360 1745 501 lui présentait les réfugiés Belges et, devant son conseil muni-
343 439 1749 584 cipal réuni, XXX lui disait bien haut mais simplement ces nobles
332 516 584 584 paroles. "
529 599 1642 714 "Monsieur le Ministre, sans les Belges, ce sont les
324 661 968 755 Allemands qui seraient ici !!"
494 738 1798 868 En somme, les Américains ont réussi, quand même, à conser-
343 810 1683 938 ver, au mois de Mars 1910, quatre mois après l'armistice, la
326 887 1713 1002 discipline parmi leurs hommes ; prenons-en acte, et rendons leur
315 964 1657 1077 cette justice. Il a fallu, tout de même, de la méthode et de
326 1032 1668 1147 l’énergie pour arriver à ce résultat. De la méthode? je dirai
311 1113 1668 1228 plus: du soin, des soins qui devraient nous servir d’exemple.
469 1192 1659 1297 C'est ainsi qu’à l’approche de chaque camp, je voyais
300 1258 1721 1371 invariablement une baraque avec cette inscription en gros carac-
307 1331 1262 1440 tères, sur le bord de la route: PROPHYLAXIE.
480 1416 1666 1516 Je me suis renseigné ; voici: La syphilis, je vous l'ai
298 1484 1676 1593 dit, a fait des ravages dans nos armées et de là dans le pays.
292 1546 1728 1668 On ne pouvait pas en parler pendant la guerre, naturellement, et
654 1548 746 1593 ££
292 1638 1674 1736 le mal ainsi s’est propagé d’autant mieux. Mais les Américains
275 1704 1710 1821 dès longtemps, se préoccupaient du danger. Vous aviez réussi à le
275 1783 1683 1890 prévenir ou à l'atténuer dans la marine où les hommes sont plus
262 1858 1742 1971 facilement surveillés que dans l’armée. Mais en pays d’occupation,
290 1943 1676 2033 comment surveiller vos troupes ? Vous y êtes arrivés, par votre
245 2011 1755 2122 organisation sanitaire,: remarquablement me dit un médecin français:
279 2084 1768 2208 comme y sont arrivés les Italiens chez eux, comme nous n’y arrivons
258 2154 379 2235 pas.
424 2242 622 2323 Comment?
