1920 2560
793 87 1152 228 LETTRE N° 534.
10 168 290 313 SENAT
1166 296 1646 375 PARIS, 23 Mai 1919.
497 469 1614 584 NOTRE COMMISSION D'ENQUETE DANS LES BALKANS.
1075 686 1499 774 Mon cher Butler,
614 878 1708 972 M. VENIZELOS, que j’ai vu souvent soit chez
241 960 1802 1066 moi, soit ailleurs, et toujours dons la plus grande cordiali-
247 1047 1668 1143 té, se préocupe de voir reprendre notre enquête sur les
256 1130 1683 1235 faits qui ont suivi les deux guerres balkaniques. Cette
247 1216 1802 1318 préoccupation est très légitime, d'autant plus que MILIOUKOFF
256 1301 1693 1397 a certainement exercé une influence sur notre Commission
256 1388 1751 1484 d’enquête et qu’il s’est montré plutôt pro-bulgare que pro-
256 1465 1785 1572 ser££ et pro-hellène. Je ne serais pas, pour ma part, hostile
241 1542 1813 1655 à l'idée de reprendre, cette fois d'accord avec M. VENIZELOS,
249 1627 1696 1747 une nouvelle enquête après la grande guerre qui s’achève
251 1721 1713 1838 mais, bien entendu, sans tomber dans l’excès contraire et
247 1800 1779 1922 sans pouvoir prêter à l’accusation de partialité contre les
264 1879 1796 2013 Bulgares. Je crois que, organisée par nous et confiée à des
1269 1960 1371 2011 en
245 1969 1838 2097 hommes de haute valeur morale, comme était Godart par exemple,
258 2052 1836 2178 et le regretté Button, une enquête sur les haines balkaniques
262 2137 1845 2269 résultant de l'anarchie que nous connaissons, ne pourra donner
264 2220 1821 2374 que des résultats utiles. Vous verrez sans doute un envoyé
