1920 2560
964 49 1122 119 - 5 -
298 172 1800 320 triompher de la mystification dont mon malheureux pays a été
296 260 1888 452 victime. J'en pleurerais plutôt mais pas en public. Les faits,
288 337 1802 488 hélas ; et à bref délai, vont se charger de parler à ma place;
292 426 1736 561 et plus éloquemment que moi ; avec quelle brutalité, quelle
270 514 1495 646 violence ! Les entendez-vous qui grondent déjà ?
915 729 1649 849 Votre affectueusement dévoué,
1045 819 1683 983 ££
72 1284 1265 1427 à Monsieur le Président Nicholas Murray BUTLER,
569 1408 836 1512 NEW-YORK.
