1920 2560
891 155 1045 262 - 3 -
309 302 1828 388 Société des Nations, et depuis lors. Il n’est pas homme à croire
300 386 1717 467 à l’esprit de conciliation par/mi les hommes et encore moins
315 445 1802 548 parmi les peuples, mais il ne se refuse pas à en faire l’essai;
311 546 1762 627 on ne peut pas toujours faire la guerre. Il faut dire que son
305 625 1713 704 point de vue, (la guerre avant éclaté pour lui donner raison
300 697 1870 789 et avant duré ce qu’elle a duré, et détruit ce qu’elle a détruit, )
317 787 1751 859 - s’explique trop bien ; c’est le point de vue de la défiance :
317 868 1760 945 experto crede Roberto ; la France est le champ de bataille, la
313 947 1747 1026 marche, le rempart des guerres futures ; ne nous trompons pas ;
315 1026 1777 1102 c’est sur elle que tomberont la surprise et la catastrophe, et
305 1102 1800 1181 peut-être l’anéantissement, si notre Société des Nations permet
294 1177 1819 1258 à la domination allemande de renouveler son agression. Ce n'est
309 1260 1725 1339 pas sur l'Amérique que s’abattra la première surprise ; c’est
309 1344 1777 1416 sur la France. Il est donc naturel, légitime, et dans l'intérêt:
309 1416 1787 1493 général que la France insiste pour que ses alliés prennent avec
300 1495 1540 1570 elle des précautions sérieuses contre cette surprise.
550 1578 1785 1651 NIPPOLD que je n’ai pas manqué d’appeler à Paris nous
315 1625 1766 1728 a terriblement renseignés sur l'état des esprits en Allemagne:
309 1736 1794 1802 Selon lui, la population allemande n’a rien appris ; elle ne voit
296 1813 1770 1883 qu'une chose, c’est qu’elle a été vaincue par une coalition pro-
302 1881 1721 1958 longée ; mais elle n'a pas eu d’autre tort que d'être vaincue.
296 1960 1770 2039 si elle avait été victorieuse elle aurait eu raison. Elle devra
311 2041 1764 2116 donc trouver le moyen de reprendre ses forces et sa supériorité
309 2112 1826 2193 tout au moins économique ; on verra ensuite. Mais elle ne reconnaît
