1920 2560
770 183 957 275 - 2 -
202 294 1653 482 la fatigue, et mon dégoût croissant pour les réunions mondaines,
200 379 1582 552 j’avais jugée opportune et nécessaire. Madame d'ESTOURNELLES,
204 456 1672 635 pour m'encourager, avait bien voulu, pour la première fois depuis
196 541 1632 708 ses deuils, venir faire avec moi et le personnel du Bureau, les
189 618 1691 780 honneurs de la réunion. Elle ne se lasse pas, non plus de recevoir
196 695 1632 846 chez elle, à notre table, le plus possible, des amis fidèles de
177 776 1668 936 la France. Toute ma famille s’associe à ma volonté de réagir soit
177 855 1696 1011 chez moi à Paris ou à Créans, soit au Sénat, soit au XXX cercle
166 930 1713 1079 etc., etc., contre le répugnant mouvement de bêtise et d’ingratitu-
174 1013 1638 1147 de suscité contre les Etats-Unis et contre nos alliés en général
170 1092 1742 1237 par notre presse officieuse et par les milieux bien pensants qu’elle
160 1171 1623 1305 inspire et dont elle s’inspire, s'il existait à Paris plusieurs
155 1250 1612 1378 foyer semblables de conciliation sincère et désintéressé, cela
145 1329 1585 1450 vaudrait mieux peut-être que bien des conférences officielles.
377 1405 1640 1538 Plus exigeant que jamais pour la tenue de notre bureau,
130 1482 1621 1612 j’ai eu plaisir à le voir si dignement et si simplement répondre
128 1561 1632 1689 à ce que vous et moi nous en attendions il y a sept ans. Combien
119 1642 1678 1764 je m’applaudis d’avoir voulu qu’il fût modeste et dépourvu de toute
140 1717 1634 1841 apparence d’ostentation ou €de grossière€ exploitation. Sa modestie
1015 1736 1109 1783 ££
132 1802 1629 1920 l’aura sauvé de la malveillance, pendant la première partie de la
113 1883 1555 1996 guerre ; jamais alors, pendant cette longue et pénible période,
104 1962 1568 2067 on ne m’a posé une question sur ce que je faisais de ce bureau,
115 2037 1572 2141 tandis que les Etats-Unis restaient neutres, et que M. CARNEGIE
113 2120 1632 2225 passait à tort pour pro-Germain. Jamais une seule des centaines de
96 2184 1444 2312 lettres que nous échangions vous et moi, - pourvu qu’elles
