1920 2560
840 113 979 194 - 5 -
258 341 1674 460 prime, les allocations, etc... etc... Ces gens ont été heu-
268 258 1593 379 avez bien lu ; 50.000 francs, auxquels il faut ajouter la
275 426 1657 544 reux, malgré leurs malheurs, pour se bien garder contre les
1523 358 1632 416 trop
277 512 797 586 surprises de l'avenir.
277 661 1689 770 entendu ; mais je fais la part aussi de la fertilité du pays;
678 590 1745 699 Je fais la part des bénéfices de guerre, c’est
258 738 1683 853 et je vous répète, -pensant à ce que la France porte de fruits
262 902 1668 1013 du sol, du climat et de l'habitant,- je vous répète : prenez
264 817 1646 934 variés, incomparables, produits d'une coopération séculaire
243 1058 1672 1201 de liberté et d’idée, mais proie d'autant plus tentante pour
256 979 1732 1094 garde, si vous voulez sauver la paix, défendez la France, foyer
245 1139 633 1218 les conquérants.
1019 1303 1681 1397 Votre affectueusement dévoué,
974 1388 1442 1512 ££
25 1632 1166 1745 à Monsieur le Président Nicholas Murray BUTLER,
533 1734 748 1828 NEW-YORK.
