1920 2560
810 98 964 162 - 2 -
341 224 1753 341 naturellement tendancieuses sont des documents historiques
358 309 1762 420 d'une valeur plus ou moins contestable. Je vous envoie, com-
360 396 1702 497 me specimen, celle-ci que je reçois d'un inconnu, sur la
356 471 1843 584 Macédoine, son passé et son présent elle fait partie de l'in-
347 563 1821 659 nombrable collection des documents de la propagande panhellé-
352 650 1762 744 nique. Elle présente le plus grand intérêt de vulgarisation,
360 729 1128 814 ne serait-ce que par les cartes.
834 808 1770 891 L'obligation de frapper les yeux, d’agir
375 893 1693 962 vite et fortement aura bouleversé nos vieilles méthodes
360 974 1813 1053 d'enseignement ; on arrive à enseigner par les yeux, par l’i-
360 1045 1755 1132 mage, par le cinéma, par €la€ l'affiche, en un instant, ce
366 1132 1779 1216 que des générations avaient jadis tant de peine à apprendre
356 1209 1830 1297 pendant des années. J'ai vu souvent ces temps derniers Venize-
366 1282 1802 1373 los, dont je vous annonce la visite aux Etats-Unis, après la
375 1358 1762 1448 conférence de la Paix. J'ai pour cet homme de rêve réalisé
352 1435 1838 1538 et d’énergique douceur une vive sympathie. Puisse l'Hellénisme.
392 1516 1774 1610 lui disais-je, être guidé par des idéalistes comme vous et
375 1595 1804 1689 non par des conquérants. Les idéalistes le réhabiliteront et
386 1676 1634 1762 le sauveront, tandis qu'Alexandre le Grand l'a perdu.
846 1740 1811 1832 Si j'avais le temps je ferais faire et je
379 1819 1851 1915 recommande à Melle AMELOT de 's'en occuper, à notre Bibliothè-
384 1898 1745 1998 que Frédéric Passy, une bonne collection des monographies
403 1975 1843 2075 publiées par chacun des peuples, des états ou des nationalités
384 2045 1811 2158 éparses ou non, intéressés aux décisions de la Conférence de
392 2156 586 2225 la Paix.
866 2167 1523 2240 Votre affectueusement dévoué
14 2218 821 2331 à M. le Président N.Murray BUTLER
230 2289 411 2359 NEW YORK
970 2240 1414 2346 ££
