1920 2560
836 89 992 157 - 4 -
221 238 1753 337 Et si cette liste s'allonge, comme ont fait les vôtres après la
221 322 1693 416 guerre de Sécession, où nous arrêterons-nous ? Le lendemain
232 405 1670 509 de la guerre, même victorieuse, c’estl’inconnu, le gouffre.
219 486 1723 590 Que serait-ce si nous n’avions pas été vainqueurs ! Voilà ce
213 565 1179 646 qu'il faut redire toujours et toujours.
629 654 1617 731 Quoi qu'il en soit, à toute la liste des
209 725 1664 814 créanciers, étrangers et nationaux, des pensionnés, des re-
224 802 1638 896 traités civils, coloniaux et autres de la France, il nous
213 893 1738 983 faut ajouter dès à présent une catégorie de créanciers supplé-
217 981 1612 1060 mentaires auxquels il sera dû 4 milliards pour commencer.
622 1066 1728 1141 Je n'ose pas même essayer de faire le calcul
202 1139 1760 1230 de ce que sera l'énorme total de nos dépenses improductives sur
684 1201 851 1260 ££
213 1216 1651 1305 le chiffre de nos 20 milliards de dépenses annuelles... à
196 1314 1651 1393 supposer que ce chiffre approximatif ne soit pas dépassé...
612 1380 1742 1478 Par bonheur, M. Klotz nous a découvert que la
196 1480 1591 1555 France, sans qu'on s'en apercoive bien clairement, s’est
196 1563 787 1634 enrichie par la guerre!
597 1634 1657 1721 Est-il possible qu'il y ait eu des rêveurs
206 1723 1661 1804 comme Jaurès et des malfaiteurs comme Caillaux, pour ne pas
196 1792 1728 1879 compter sur un tel bienfait ! Pourvu que la France n’aille pas
206 1888 1591 1960 découvrir qu’ils avaient raison. Et cette découverte me
202 1966 1668 2045 semble probable, sinon imminente. Un de mes amis prétendait
204 2048 1600 2124 que je devrais dire cela à la tribune. Grave erreur. Je
198 2133 1770 2212 l'ai dit à temps, avant la guerre. Il est trop tard maintenant.
204 2214 1723 2291 Je ne me donnerai pas la stérile et détestable satisfaction de
