1920 2560
881 168 1056 249 - 2 -
275 311 1740 448 nous étions plutôt/encouragés et que, suivant le mot du premier
300 394 1612 522 ministre italien, c’est entre les Gouvernements une sorte
283 469 1725 599 de Steeple-chase, à qui sera non pas le plus circonspect, mais
300 550 1713 680 le plus avancé : "Nous voulons réussir, nous disait M. ORLANDO,
283 631 1708 755 non pas seulement parce que l’Italie a toujours été favorable
275 699 1766 836 à l’arbitrage : l’arbitrage est d’origine latine, romaine ; il est
283 778 1681 923 à la base, au commencement de notre droit, - mais dans notre
290 864 1721 989 intérêt gouvernemental : le pays n’admettrait pas que nous ren-
266 947 1706 1066 trions en Italie sans avoir abouti sur la Société des Nations.
531 1032 1642 1141 LLOYD GEORGE ne nous demande que de faciliter aux
285 1100 1751 1224 Gouvernements leur entente en simplifiant le plus possible notre
275 1179 1681 1299 programme, en réduisant au minimum "les points de résistance";
285 1252 1715 1380 je l'ai trouvé tout à fait en forme, particulièrement énergique
277 1333 1376 1437 et vif, et déterminé lui aussi à ne pas échouer.
494 1422 1717 1531 Le pauvre HOUSE se ressent, comme le Président WILSON
275 1486 1657 1602 lui-même, mais beaucoup plus, étant plus faible, du surmenage
275 1561 1689 1674 de la vie qu’il mène ; il a maigri sensiblement, pâli: mais n'a
262 1638 1640 1749 rien perdu de son dévouement à notre cause ; il pense que les
273 1717 1678 1828 Etats-Unis s’entendront avec l'Angleterre, avec l'Italie, avec
264 1792 1670 1911 nous, association française, - mais il se demande si nous nous
258 1866 1572 1971 entendrons, nous,avec le Gouvernement français?........
497 1949 1717 2054 CLEMENCEAU est toujours CLEMENCEAU ; le tigre n’a jamais
249 2007 1614 2122 été pacifique ; et cependant je dois dire que je l'ai trouvé
238 2090 1582 2210 raisonnable le jour où nous l’avons saisi de nos projets de
