1920 2560
904 172 1218 258 LETTRE N° 498.
128 258 411 377 SÉNAT
1299 268 1772 354 PARIS, 21 Mars 1919.
755 441 1316 526 PROPOSITION EN FAVEUR DE
674 514 1495 610 M. le COMTE de PENHA - GARCIA .
1066 742 1437 812 Mon cher Butler,
761 970 1770 1094 Je vous transmets ci-joint, en l’appuyant de
467 1060 1721 1179 nouveau chaleureusement, la proposition faite par notre
467 1117 1717 1267 ami Alberto d'OLIVEIRA, Ministre de Portugal, en faveur
471 1220 1702 1337 du /comte de Penha-Garcia, membre de la Cour permanente
480 1292 1408 1410 d'Arbitrage de La Haye, pour le Portugal.
1058 1427 1719 1538 Votre affectueusement dévoué,
1024 1555 1621 1728 ££
228 1838 1299 1949 à Monsieur le Président Nicholas Murray BUTLER,
710 1930 921 2013 NEW-YORK.
249 2139 458 2205 1 annexe.
