1920 2560
962 91 1137 196 - 11 -
375 253 1870 356 animée des meilleuns intentions, mais le résultat atteint sera
379 343 1777 435 tout autre que celui auquel il faudrait arriver, parce que
377 411 1785 520 M. Broda, Polonais d’origine et arrivé chez nous récemment,
366 501 1785 595 connaît trop peu le peuple suisse et sa manière d'envisager
358 580 731 657 c/es problèmes.
736 669 1674 750 Nous avons eu aussi à lutter contre les
362 742 1728 840 influences venant de l'étranger, d'Allemagne, d'Autriche,
366 819 1745 910 des Pays-Bas, et/contre des projets toujours renouvelés de
375 898 1742 994 congrès en Suisse pour une paix à tout prix. On parle en
375 981 1742 1068 ce moment même d'un Congrès du même genre qui se tiendrait
362 1058 1798 1152 à Berne, dans le courant de ce mois de Février. J'ai juste-
369 1145 1751 1230 ment avec moi quelques journaux de Genève dans lesquels la
354 1220 1728 1307 société Genevoise a fait insérer sa protestation. €C'e€ Ce
352 1303 1742 1388 n'est plus du pacifisme, c’est du défaitisme qui compromet
366 1382 917 1457 toute notre propagande.
349 1480 1702 1582 M. le PRÉSIDENT. - Mais vous avez lutté pour essayer de
349 1578 1632 1664 faire connaître, aux Allemands eux-mêmes, que le Droit
343 1649 1753 1738 n'était pas de leur côté et pour tâcher d’opposer un peu de
341 1728 1706 1832 vérité aux mensonges de la presse allemande. Voulez-vous
358 1811 1491 1890 nous entretenir de votre campagne dans ce sens ?
341 1922 1617 2007 M. O. NIPPOLD.- J'ai en effet consacré une grande
349 2003 1742 2086 partie de mes efforts à neutraliser le mal que pouvait faire
356 2058 1772 2178 et que faisait chez nous la propagande allemande ; j’ai aussi
