1920 2560
1019 44 1166 108 - 9 -
403 192 1770 290 Président, de vous remercier, ainsi que M.M. les membres
411 273 1868 379 présents, de l’accueil cordial que vous voulez bien me faire.
396 362 1794 452 Mes efforts en Suisse ne méritent cependant pas d'être mis
394 435 1913 544 en lumière. Je vais essayer de vous les résumer succinctement,
403 518 1824 622 bien que je n’aie pas eu le temps matériel de me préparer à
384 593 672 669 cet exposé.
744 678 1802 780 Il y a deux ans, lors de/l’Assemblée Générale
384 753 1804 864 de la CONCILIATION INTERNATIONALE, j'ai déjà eu l'occasion
396 838 1847 932 de vous parler de mes tentatives pour amener l'opinion suisse
381 915 1828 1013 à une compréhension plus juste des événements. Je n'ai fait
386 996 1849 1100 que les continuer depuis ; j’aurai donc peu de renseignements
386 1077 1452 1164 nouveaux à apporter à ce que je disais alors.
699 1164 1774 1265 Nous étions tous heureux, il y a un instant,
384 1235 1753 1344 d’apprendre les heureux débuts de l'ASSOCIATION FRANCAISE
377 1318 1693 1408 POUR LA SOCIETE DES NATIONS, sous les auspices de notre
358 1395 1772 1497 Bureau Européen de la Dotation Carnegie. En Suisse aussi,
369 1476 1836 1580 nous travaillons à la création d'une Ligue des Nations ; notre
371 1561 1802 1651 programme a naturellement beaucoup de ressemblance avec ceux
369 1634 1802 1730 des associations similaires. Il y a lieu de noter cependant
360 1715 1751 1804 une particularité très importante. L'entrée de la Suisse
358 1792 1681 1890 dans la Société des Nations, si elle se produit un jour
371 1860 1794 1966 nécessitera un recours au plébiscite populaire et un change-
369 1947 1826 2039 ment dans notre constitution, surtout parce qu’elle entraînera
358 2007 1772 2126 une/renonciation à notre neutralité. La commission fédérale,
360 2094 1800 2193 dont je fais partie, considère que le privilège de neutralité
