1920 2560
1000 142 1156 209 - 22 -
356 260 1717 381 félicitant du succès de cette première réunion qui inaugure
362 354 1651 450 heureusement le retour du Bureau Européen à son activité
349 428 772 503 d’avant la guerre.
680 539 1367 657 La séance est levée à 5 h 1/2.
347 785 1710 891 M. SALVEMINI.- Délégué italien à la réunion des Associa-
349 872 1691 966 tions alliées pour la Société des Nations, mis en partie au
349 947 1696 1041 courant des délibérations du Conseil touchant à la création
332 1024 1642 1113 d'un grand quotidien, appuie chaleureusement la motion de
352 1100 1617 1188 M. d'ESTOURNELLES de CONSTANT. Le sentiment unanime des
341 1177 1651 1265 organisations italiennes, dit-il, est qu'il n'y a rien de
330 1248 1606 1348 plus urgent que la création d'un tel journal qui ferait
339 1322 1708 1427 contre poids à tant d’autres feuilles, véritables "fabriques
324 1390 661 1482 d'explosifs".
665 1480 1653 1568 Il préconise la création d’un journal de ce
337 1553 1582 1640 genre dans chacun des grands pays alliés. Ces journaux
337 1627 1649 1715 "nationaux", auraient en commun une agence d 'informations
332 1702 1698 1794 qui demeurerait indépendante des agences gouvernementales ou
315 1777 1736 1875 privées, et dont une des fonctions, - la principale peut-être, -
332 1851 1708 1945 serait de contrôler les nouvelles et de ne mettre en circula-
334 1928 1636 2013 tion que les dépêches reconnues véridiques. On obligerait
317 1971 1666 2054 ainsi même les agences gouvernementales à ne donner que des
311 2009 1646 2088 informations sérieuses et on éviterait d'avoir à rectifier
313 2048 1698 2135 toutes les nouvelles fausses qui sont lancées si délibérément
330 2082 1565 2184 et dont la portée néfaste est quelquefois incalculable.
