1920 2560
802 128 974 206 - 9 -
200 228 1745 345 pût être question d’arbitrage obligatoire et sans réserve ; on ne
202 320 1717 422 comptait sur la possibilité d’aucune sanction, la limitation des
185 396 1708 499 armements était une chimère ; et plus encore de même une adminis-
181 473 1717 580 tration, un conseil représentatif et exécutif international. Au-
189 550 1760 665 jourd'hui tout cela va devenir la réalité, si nous savons compren-
174 631 1811 748 dre l’enseignement de la guerre ; si nous savons, si nous voulons....
736 802 1444 878 Votre affectueusement dévoué,
78 1092 921 1233 à M. le Président N Murray BUTLER
279 1194 526 1284 NEW YORK .
