1920 2560
776 164 921 228 - 8 -
411 281 1732 364 Chaque mauvais journal, dit SALVEMINI, est une fabrique
177 349 1753 454 d’explosifs, de gaz asphyxiants. Sans journal populaire de vérité,
160 430 1655 539 pas de société des Nations, pas de conciliation, pas de paix.
426 531 1702 603 Tous sont convaincus que le public appelle, attend ce
164 603 1676 686 journal et que sa création, intelligemment €coup€ entreprise, par
189 686 1625 770 un état-major des meilleurs écrivains, penseurs, politiques,
168 772 1772 857 voyageurs, artistes, savants et critiques, vulgarisateurs, par une
187 844 1762 940 élite en un mot des cerveaux et des cœurs égale à celle qui for-
192 934 1774 1019 mait , il y a quinze ans, notre Conciliation, pour le monde entier,
170 1013 1693 1090 serait à la fois, pour la DOTATION CARNEGIE, le devoir, en même
189 1102 1668 1171 temps que la bonne affaire, - et pour le monde un incalculable
164 1184 377 1245 bienfait.
437 1258 1768 1329 Interrogez MARSHALL à ce su'et. Réfléchissez. - Un jour-
170 1337 1710 1412 nal de vérité aurait pu empêcher la guerre ; un journal de vérité
185 1422 1019 1514 seul empêchera qu’elle recommence.
428 1614 1661 1691 En résumé, semaine de travail et d’activité intenses
170 1691 1768 1779 pour notre Conciliation, pour notre bureau de la rue Pierre-Curie,
198 1779 1710 1862 et pour son filleul, le bureau interallié des Associations pour
185 1860 755 1941 la Société des Nations.
422 1930 1745 2013 Il faut que je me cache, pour trouver le temps, de très
189 2009 1779 2090 bon matin, dans la solitude, de vous écrire ces résultats et de les
179 2092 1698 2169 méditer, sans hâte, à tête reposée ; il le faut pourtant, si nous
168 2169 1681 2248 voulons en tirer parti. Il y a dix ans, on n’admettait pas qu’il
