1920 2560
29 153 354 275 SÉNAT
876 155 1230 258 LETTRE N° 493.
358 155 646 390 ££
1260 377 1717 450 PARIS, 2 Mars 1919.
819 526 1256 612 LA VIE REPREND .
1004 772 1410 846 Mon cher Butler,
725 985 1770 1083 Tandis que les boulevards recommencent à se
349 1073 1770 1169 cosmopolitiser... (ce barbarisme est bien de saison), que
358 1154 1777 1243 devient la vie de famille en France? La vie chère interdit
360 1245 1728 1324 sans doute bien des réunions ; et aussi la difficulté de
356 1324 1651 1410 trouver des domestiques, même à tout prix. La grippe,
349 1410 1719 1486 par surcroît, continue de faire des ravages ; on prétend
358 1480 1834 1565 qu'elle a tué, en France, plus de monde encore que la guerre, -
343 1574 1830 1649 sur quatre domestiques, nous en avons deux au lit. Ce qui va
349 1646 1693 1725 manquer de forces généreuses et jeunes est incalculable,
349 1728 1777 1802 mais c’est une question qui vaut d'être examinée de près et
343 1809 1713 1879 non en passant ; j'y reviendrai. Je n'en aurai que trop
341 1883 1704 1958 l'occasion. Tous les jours, nous discutons, au Sénat ou
349 1958 1719 2037 ailleurs, dans nos commissions des Finances, des Affaires
349 2033 1821 2120 Extérieures, de la Marine, des Régions Libérées, de l'Alsace,
339 2101 1777 2205 dans nos groupes de l'Arbitrage, de la Société des Nations,
349 2193 1792 2280 de l'Aviation, etc...etc.. Ces problèmes de l’après-guerre ;
66 2380 1226 2504 à Monsieur le Président Nicholas Murray BUTLER.
