1920 2560
840 185 957 292 - 4 -
251 337 1595 448 le Général SEBERT, Sir Robert BORDEN, les professeurs CESTRE,
256 398 962 467 de LAPRADELLE, etc...., etc....
488 418 1702 529 Les demoiselles du Bureau faisaient les honneurs, avec
262 499 1698 599 celles du Boulevard Saint-Germain, - notre filiale ; - elles ont
247 580 1710 678 contribué à sauve/garder son existence, ne l’oublions pas ; elles
258 654 1742 761 s'y sont ainsi attachées, par un sentiment né de l’oeuvre même du
262 731 1708 825 bureau ; elles ont compris l’intérêt obscur mais certain de XXX
247 810 1781 908 leur collaboration à cette oeuvre ; elles s'y sont attachées par in-
258 883 1740 974 dépendance, par amour-propre, par émulation, s'élevant, peu à peu
253 964 1783 1060 comme l’œuvre elle-même, au-dessus de l’ignorance ou de la légère-
260 1032 1760 1139 té de l'opinion courante, avec le niveau de leur tâche, fortifiées
253 1113 1710 1228 par leur résistance silencieuse aux difficultés, ennoblies enfin
232 1198 701 1284 par leur dévouement.
460 1271 1794 1367 Je me disais, et c’était, je crois, le sentiment général,
247 1344 1659 1446 et ce serait le vôtre si vous aviez été avec nous nier que ce
230 1418 1770 1527 modeste petit bureau, resté vivont, familial à travers cinq années
230 1501 1813 1600 d'une crise sans égale, faisait honneur à notre effort: il justifie
243 1576 1687 1681 par son succès, notre foi commune de la première heure, dans la
224 1655 1728 1783 coopération franco-américaine, dans l'efficacité décisive du l'i
228 1740 981 1858 déalisme organisé et bien servi.
812 1856 1482 1960 Votre affectueusement dévoué
814 1947 1565 2043 ££ ££ ££
25 2026 1002 2135 à Monsieur le Président N. Murray BUTLER
283 2141 482 2229 NEW YORK
