1920 2560
119 283 435 388 SÉNAT
770 264 1105 343 LETTRE N° 495.
1115 352 1629 465 PARIS, le 5 mars 1919.
580 608 1237 682 LE MAJOR DOUGLAS W. JOHNSON.
923 795 1284 859 Mon cher Butler,
578 913 1813 1032 Nous avons été heureux d’accueillir à la maison, votre
352 1004 1819 1105 sympathique collègue le Professeur Douglas W. JOHNSON qui a fait
349 1090 1789 1169 l'objet de votre lettre du 13 Décembre dernier. Nous avons reçu
352 1156 1838 1254 de même M. FINCH, et l'avons trouvé très agréable. Nous recevrons
339 1230 1740 1333 ces messieurs tous ensemble un de ces jours rue Pierre-Curie.
341 1301 1721 1399 La difficulté est de trouver le temps nécessaire. Je préfère
341 1388 1838 1476 d’ailleurs, en ce moment surtout, quand je le puis et dans la me-
330 1457 1792 1561 sure où nous le pouvons, recevoir nos amis américains et autres,
369 1542 1448 1629 en famille, à la maison. Cela est indispensable.
1006 1681 1661 1762 Votre affectueusement dévoué
1102 1762 1604 1883 ££
185 1956 1107 2062 à Monsieur le Président N. Murray BUTLER
467 2048 672 2118 NEW YORK
