1920 2560
878 128 1034 241 - 5 -
366 270 1233 398 administration militaire et la nôtre.
341 441 1824 569 lheur d'écrire cela en France on me répondrait: primo que c’est
539 369 1821 490 Il est vrai que, même la guerre finie, si j’avais le ma-
339 524 1657 650 inexact et secundo qu’il est patriotique de ne rien dire.
360 695 977 778 malfaisant du patriotisme.
524 622 1734 718 Toujours et partout la même caricature, le même abus
921 827 1565 921 Votre affectueusement dévoué
1107 934 1653 1079 ££d'Estournelles££
102 1273 1068 1373 à Monsieur le Président N. Murray BUTLER
356 1363 567 1442 NEW YORK
