1920 2560
770 138 904 288 - 2 -
213 281 1640 401 publics vient d’élever à 4.200 francs par an le traitement de
213 352 1728 469 début des .... gardiens d'écurie, manoeuvres et hommes de peine
232 437 1745 541 de ses services, et à 4.520 francs, celui des gardiens de bureaux
221 514 1710 620 des chemins de fer. D'autre part, un projet de loi dont le vote
221 595 1717 697 est imminent va porter de 12 à 15.000 francs les traitements de
238 678 1745 774 professeurs des lycées de Paris dont il avait été convenu que les
232 748 1734 851 appointements serviraient de termes de comparaison pour l’appré-
230 825 1753 928 ciation de ceux des secrétaires actuels du Bureau européen, pour-
228 908 1781 1006 vus de titres universitaires pouvant justifier cette assimilation.
411 992 1762 1085 Vous savez, mon cher président, que si nous n’avions pas,
217 1047 1728 1166 PUECH et moi, quelques ressources personnelles, nous aurions dû
211 1143 1781 1252 depuis longtemps chercher des fonctions moins agréables peut-être.
221 1243 1734 1339 mais plus rémunératrices que celles que nous occupons. Mais vous
213 1324 1710 1414 savez aussi que la guerre a porté atteinte à ces ressources, et
230 1405 1732 1495 qu’en ce qui me concerne, la ruine du Familistère de Guise, dont
206 1484 1725 1585 le directeur évalue les pertes à 18 millions, a enlevé beaucoup
221 1563 1728 1657 de la sécurité avec laquelle je pouvais envisager le présent et
206 1640 1804 1740 l’avenir. Quant à RUYSSON, il continue, après comme avant la guerre
221 1721 1813 1821 à ne pouvoir compter pour vivre, lui, sa femme et ses cinq enfants,
213 1802 1760 1902 que sur son travail de chaque jour. La situation est la même pour
204 1881 1742 1979 nos dames employées ; elles ne sont pas chargées de famille, mais
217 1962 1802 2058 elles doivent se suffire à elles-mêmes, en un temps où le problème
204 2045 1629 2137 est au moins aussi ardu pour les femmes que pour les hommes.
396 2126 1745 2222 Avec le 1er juillet prochain commencera pour la DOTATION
