1920 2560
906 64 1056 140 - 8 -
352 209 1657 315 présents sont unanimes à trouver que le Bureau Européen
341 294 1710 392 n'avait pas de/meilleure occasion de manifester sa vitalité
356 377 755 469 et son activité).
699 497 1751 586 (. M. le Président fait un résumé des délibé-
349 573 1736 661 rations qui se sont poursuivies du 20 Janvier au 1° Février
332 648 1715 740 1919, au Boulevard St-Germain, entre les représentants des
332 714 1617 819 puissances alliées, Amérique, Grande-Bretagne, France,
332 791 1640 891 Roumanie, Serbie, Belgique, Italie, et qui ont abouti à
343 874 1608 970 l'élaboration d'un important plan commun de Société des
341 962 1685 1049 Nations. Il donne lecture de la résolution unanime à la-
330 1028 1749 1137 quelle ont abouti ces travaux résolution demandée par M. le
343 1117 1659 1205 Président du Conseil Clemenceau, à qui elle vient d'être
330 1194 1691 1288 présentée, en même temps qu’aux autres chefs des Gouverne-
330 1267 642 1350 ments alliés.
674 1365 1728 1440 Ce document reçoit l'approbation du Conseil).
341 1578 1634 1672 M. LE PRÉSIDENT.- (se tournant alore vers M. O.Nippold,
330 1664 1621 1768 poursuit en ces termes) "Nous tenons beaucoup, mon cher
343 1747 1668 1826 Nippold, à voir figurer dans le procès-verbal ce que vous
341 1828 1634 1902 avez fait en Suise, pendant la guerre, dans l'intérêt de
337 1905 1651 1975 notre défense interalliée. Veuillez donc nous donner un
332 1979 1540 2054 aperdu de votre action pendant ces dernières années.
337 2094 1751 2176 M. le Prof. O.NIPPOLD.- Permettez-moi d'abord, Monsieur le
