1920 2560
187 81 426 151 ma lettre
149 115 264 194 73.
93 198 224 288 NAT
996 228 1536 332 PARIS, 1° Février 1919
578 556 1691 684 le Bureau Européen de la DOTATION CARNEGIE POUR
221 616 1565 710 LA PAIX INTERNATIONALE s’est réuni, pour la première fois
236 704 1681 806 depuis la déclaration de la guerre, le Samedi 1° Février 1919,
241 785 1587 874 à 3 heures de/l’après-midi, au siège social : 24 rue Pierre-
221 866 1666 951 Curie. Cette première séance d'études préparatoires réunis-
228 930 1634 1049 sait quelques-uns des collaborateurs alliés du Bureau Euro-
236 1024 1621 1158 péen, sous la Président de M. d’ESTOURNELLES de CONSTANT .
228 1107 648 1226 Etaient présents:
565 1152 1060 1282 M.M.  André WEISS
793 1269 1139 1333 Charles RICHET
793 1346 1117 1408 Justin GODART
793 1425 1117 1486 de LADRADELLE
806 1486 1350 1565 S. Ex. LOU TSENC TSIANG
806 1574 1290 1651 Professeur O. NIPPOLD
802 1655 1213 1728 Prof. Th. RUYSSEN
793 1721 1130 1798 Jacques DUMAS
221 1796 1493 1875 J.J. PRUDHOMMEAUX et J.L. PUECH, Secrétaire Général et
238 1879 1130 1954 Secrétaire Adjoint du Bureau Européen.
573 1954 1538 2033 Le Président présente les excuses de M.M.
226 2026 1655 2118 Ed. GIRETTI et Rt. Hon. Lord WEARDALE, empêchés, à leur grand
238 2103 1418 2190 regret, de venir à Paris prendre part à la séance .
563 2180 1531 2259 Le Président souhaite la bienvenue à M. le
238 2254 1553 2342 Professeur Nippold. Bien que notre réunion, dit-il, soit
