1920 2560
938 192 1077 262 - 4 -
590 317 1777 454 Toujours par la discipline personnelle à la base, et
418 381 1843 541 par le courage de se surveiller soi-même. Tout homme qui s’est
375 462 1853 625 abandonné aux risques d’une rencontre galante doit se présenter,
379 541 1760 676 dans les trois heures qui suivent la rencontre, au service de
392 622 1819 755 prophylaxie ; là, par un traitement préventif infaillible, s’il
384 704 1768 832 est appliqué à temps, tout danger de maladie vénérienne est,
386 780 1802 908 m’assure-t-on, conjuré. C’est déjà ce que vous obteniez XXXXX
394 857 1691 974 dans votre marine. Mais à terre, c'est une autre affaire.
548 942 1838 1058 Le soldat reconnu malade et qui ne s’est pas présenté à
369 1011 1870 1132 temps au service prophylactique est puni, puis condamné à l'isole-
356 1088 1796 1213 ment le plus sévère jusqu’à guérison complète ou évacué si la
366 1162 938 1260 guérison est incertaine.
554 1250 1821 1363 J'ai interrogé un médecin français qui s’efforce, comme
358 1322 1819 1442 a fait Godart, d’introduire le même progrès dans nos armées, il
364 1384 1858 1521 m’a répondu ; nous ne pouvons imiter, sur ce point les Américains,
384 1476 1853 1604 c’est impossible, parce que très rarement un soldat consent à se
362 1553 1809 1670 présenter chez nous à la visite, laquelle d’ailleurs ennuie le
360 1627 1395 1723 médecin autant et souvent plus que le malade.
537 1713 1879 1826 Aux Etats-Unis, l'éducation des précautions à prendre con-
366 1785 1787 1898 tre le mal est sérieuse et générale ; chez nous elle est excep-
345 1858 1819 1973 tionnelle et individuelle. Aux Etats-Unis, beaucoup d’esprit pu-
341 1934 951 2013 blic. Chez nous, très peu.
520 2007 1815 2129 J'avais observé tout cela en Amérique et j'en avais fait
343 2080 1836 2214 mention dans mon livre ; mon observation se trouve hélas singuliè-
337 2163 1768 2280 rement confirmée par le comparaison qui s’impose entre votre
