1920 2560
812 217 938 283 - 2 -
334 298 1700 448 impracticables. - On n’a pas su décider. Alors des rixes, des
324 392 1687 524 vols, des coups de révolver et de couteau parfois mortels, sont
332 469 1683 593 survenus: pas plus d’ailleurs, peut-être moins, que dans toute
322 552 1710 661 autre armée en campagne. J'ai vu un millier d'Américains canton-
309 631 1651 729 nés dans la petite commune de Cerans-Foulletourte ; je leur ai
320 693 1719 808 parlé; ils étaient heureux d’entendre un Français qui ne fût pas
307 763 1651 874 un interprète salarié. Je n’ai pas surpris la moindre plainte
292 851 1638 949 de leur part, le moindre signe de mécontentement rien que la
298 923 1608 1019 surprise d'être si différents des Français. Le Français est
296 996 1678 1096 évidemment pour eux une énigme ; il ne se lave pas, ne joue pas;
309 1070 1725 1166 il boit mais généralement avec mesure ; il travaille sans se pres-
288 1132 1706 1233 ser mais toujours avec goût ; il est économe à l’extrême ; nos en-
300 1220 1696 1307 fants sont moins jeunes d’esprit que vos soldats ; ils ne s’inté-
292 1292 1580 1382 ressent pas aux sports ; bref rien de plus différent que ces
281 1356 1685 1454 deux peuples ; et cependant, malgré bien des maladresses et par-
300 1427 1678 1527 fois un concours d’ignorance des Autorités, de part et d’autre,
292 1506 1640 1600 j’ai constaté que les Américains à Foulletourte s'entendaient
290 1582 1614 1670 très bien avec l’'habitant. Le maire est un vieux marchand de
275 1661 1629 1745 cochons qui connait la vie, court le pays dans tous les sens;
307 1721 1730 1819 il m’a dit ; je n'ai jamais eu qu’à me louer des Américains, dans
292 1804 1691 1896 ma commune ; et s’il se commet par ci et par là, quelque peccadille,
288 1868 1732 1971 ce serait pire si nous avions à loger le même nombre de Français.
283 1945 1723 2045 C'est lui qui recevant, à son passage, Carton de Wiart, en 1914,
