1920 2560
936 96 1088 192 - 3 -
332 238 1702 317 par-dessus tout, d'être exclusivement avec ceux qui défen-
324 322 1747 394 daient le Droit contre l'agression allemande. Elle a tenu à
328 394 1753 475 ne donner prise à aucune équivoque. Elle a d'ailleurs réglé
343 471 1749 563 strictement son attitude sur celle de la Conciliation ; c’est
347 556 1563 633 la conciliation qui a été son guide et sa direction.
699 629 1755 716 Restait à déterminer quelle serait notre atti-
330 708 1774 806 tude vis-à-vis des neutres. Cette attitude a été subordonnée
349 791 1668 866 aux nécessités de la guerre ; elle a dépendu moins de nos
332 874 1659 947 liens avec les neutres que des services qu'ils pouvaient
341 951 1719 1024 rendre à la cause des Alliés. Nous avons réagi, autant que
334 1032 1708 1111 possible, contre l'inaction des neutres ; nous nous sommes
356 1100 1702 1190 efforcés, soit de les mettre en mouvement pour nous aider,
362 1186 1668 1260 soit en tous cas de les éclairer sur leur devoir et leur
341 1273 539 1341 intérêt.
691 1339 1698 1416 En Suisse, nous nous sommes de plus en plus
341 1414 1691 1497 attachés le Prof. Nippold, qui a fait tout le possible, je
356 1495 1651 1572 dirais même l'impossible, pour essayer de s’opposer, au
356 1561 1721 1657 prix de sacrifices que bien peu connaissent et connaîtront,
354 1636 1734 1730 à la propagande allemande si admirablement organisée. Je lui
369 1713 1685 1796 demanderai tout à l’heure de nous résumer brièvement quels
362 1792 1504 1879 ont pu être les résultats de son action en Suisse.
714 1860 1691 1954 En Espagne, nous avions M. Sangro de Olano,
375 1932 1728 2030 le Secrétaire Général de la conciliation Internationale. Je
379 2009 1702 2097 tiens d'autant plus à lui rendre justice que le milieu dans
371 2082 1693 2176 lequel s’exerçait son action rendait sa tâche plus ingrate.
