1920 2560
932 51 1077 117 - 2 -
266 151 1843 330 et nous aurons beau grossir le passif de l’Allemagne coupable,
273 251 1768 403 le dénuement de ses victimes n’en restera pas moins le fait
266 347 1777 484 acquis. Le Gouvernement nous fait entrevoir, après l'impôt
266 437 1777 569 sur le luxe qui n'a donné qu'une charge de plus sur la pro-
275 522 1760 652 duction, un impôt sur le capital ; mais on s’apercoit qu'on
258 612 1751 727 va tarir ainsi la source de nos futurs emprunts. On n'ose
258 697 1787 808 pas encore parler, bien qu'on y pense, des projets Caillaux
256 780 1710 898 d’impôt sur le revenu universel ; pas plus qu'on n'ose le
275 870 1774 979 juger, de peur d'en faire "un chef de parti", selon la pré-
258 955 1762 1058 diction de M. Ribot. On n'a pas su recourir franchement au
258 1043 1794 1143 bon vouloir de nos alliés, après l'armistice, et on a laissé
275 1126 1768 1224 bêtement, de part et d'autre, leur enthousiasme et le nôtre
249 1218 1717 1312 se refroidir. Nos régions envahies, non restaurées, bien
268 1303 1832 1393 entendu, et pas même administrées, sont hors d'elles ; l'Alsace
249 1386 1713 1474 se demande, comme je l'ai prévu, si nous allons lui faire
249 1472 1742 1559 payer sa joie d'être libre en lui imposant notre désordre.
249 1550 1757 1642 Nos jeunes gens, sans instruction depuis cinq ans, six ans,
266 1636 1725 1719 sept ans même, suivant leur âge, ne savent pas comment ils
249 1721 1760 1806 vont reprendre une vie normale, en concurrence avec la jeu-
249 1806 1742 1900 nesse de nos alliés, et à quel niveau pourra remonter ce qui
260 1885 1760 1977 va rester de notre jeunesse à nous, dans toutes les classes,
264 1973 1698 2058 pauvres, moyennes ou riches, après avoir été si longtemps
258 2052 1723 2131 privée de l'apprentissage, de l'instruction et de l'éduca-
268 2141 1619 2214 tion indispensables? Mais j'y reviendrai. Ce que mon
