1920 2560
791 87 1137 217 LETTRE N° 605.
228 125 522 262 SENAT
1177 313 1749 424 LE MANS, 9 Janvier 1920.
571 469 1230 593 LA TENTATIVE DE PAIX SÉPARÉE
486 569 1324 686 DU PRINCE SIXTE de BOURBON, en 1917 .
878 782 1267 864 Mon cher Butler,
646 925 1789 1036 Le temps me manque naturellement, en ce moment où
290 985 1702 1115 pleuvent sur moi les attaques de la jalousie et de l'égoïsme,
305 1073 1685 1188 sans compter les infiltrations qui surgissent du sous-sol de
307 1143 1696 1280 l’ignorance, le temps me manque pour vous écrire. C'est bien
298 1220 1632 1339 dommage car je n'ai jamais été plus conscient de l'urgence
283 1294 1676 1420 presque désespérée de notre oeuvre. Je pense bien, après le
298 1367 1638 1489 11 Janvier, pouvoir vous écrire la moralité comme aussi les
296 1452 1096 1548 principaux faits de cette élection.
640 1533 1632 1634 En attendant, je ne veux pas manquer de vous
273 1600 1762 1719 adresser le numéro ci-joint de la Revue hebdomadaire "l'OPINION"
288 1678 1710 1804 du 3 de ce mois, contenant plus qu’un article, un exposé de la
290 1747 1668 1870 tentative de paix séparée entreprise pendant l’hiver jusqu'au
281 1826 1427 1928 printemps de 1917, par le Prince Sixte de Bourbon.
620 1905 1710 2039 Je vous ai écrit, avec la réserve qui s’imposait
273 1964 1685 2092 alors à moi, ce qu'on a su de cette tentative. J'y reviendrai
262 2039 1725 2180 plus tard. Mais il importe que vous avez sous les yeux l'exposé
285 2088 1256 2178 en question publié par M. Jean de Pierrefeu.
932 2171 1600 2276 Votre affectueusement dévoué,
59 2248 603 2336 à Monsieur le Président
168 2301 697 2372 Nicholas Murray BUTLER,
704 2250 1713 2385 ££
305 2342 610 2414 NEW-YORK.
704 2321 1606 2442 ££
