1920 2560
1002 162 1184 226 - 22 -
578 279 1856 433 N'allez pas penser que je tourne mal et que la gas-
236 332 1832 514 tronomie va prendre une place prépondérante dans les passions de
245 420 1828 605 la fin de ma vie ; non, c’est là vraiment qu'est toute la France,
236 507 1804 674 nous apprécions, nous aimons mais nous savons nous priver aussi.
236 586 1747 755 Il n'était pas besoin des cinq années de cette guerre pour le
215 654 1734 838 découvrir. Il XXX toujours été ainsi. Et c'est par là que je
571 663 701 716 en a
213 746 1824 934 termine ma description. Le Français aime la flânerie, le rêve, la
228 836 1836 1017 bonne chère, le vin, -sans parler de la femme,- tout ce qui nourrit
194 913 1804 1096 ou exalte son corps et sa fantaisie, son inspiration - l'étranger
202 981 1732 1166 qui le/voit à table et qui le juge sur ses propos, sur ses plai-
187 1068 1785 1254 santeries plus que grasses mais symboliques,- car elles consistent
213 1134 1764 1337 généralement à mettre en contraste et ses instincts et son idéal
196 1220 1751 1414 inséparables ; l'étranger le juge sévèrement, sans le comprendre.
202 1294 1730 1491 L'étranger ne voit pas tout. Ce qu’il faut voir en outre, c'est
206 1382 317 1457 ceci :
512 1472 1696 1653 Oui le Français aime jusqu’à l’ivresse, la folie,
177 1540 1702 1728 la débauche, tout ce qui flatte sa sensibilité extrême, mais ce
172 1608 1640 1804 même Français, - et la Française comme lui,- est en même temps
177 1683 1702 1881 toujours prêt à sacrifier, le moment venu, ses jouissances à son
177 1762 1728 1964 idéal. Et ce qui semble incompréhensible, c’est que ses instincts
160 1843 1589 2035 se développent sans faire tort à son idéal, en le stimulant.
162 1913 1683 2116 Au-dessus de tous les biens du monde il place le sacrifice désin-
160 1992 1668 2188 téressé. C'est pourquoi il est en général si avare, pour qui ?
140 2060 1685 2276 Pas pour lui, pour ses enfants, pour l’avenir ; c'est pourquoi il
