1920 2560
819 51 979 162 - 9 -
170 204 1691 334 sensible et la signification de ses origines. Il a un passé
164 290 1698 420 lointain, aussi vieux et plus vieux que le Moyen-Age ; nombre
168 379 1749 501 d'églises ou de chapelles, ou de vieilles tours, ou de châteaux,
168 469 1762 588 ou de murailles ou même de routes romaines racontent des siècles
168 550 1738 665 de vie ; les costumes, il est vrai, n'ont pas survécu, comme en
160 633 1753 757 Bretagne, et cependant les femmes, les vieilles surtout, portent
160 716 1681 834 encore, presque toutes, au marché, leurs jolis bonnets blancs
170 795 1713 919 variée ; tout est varié dans ce pays. Variété des cultures et
170 876 1785 1011 des ressources de la campagne, et des vallées, et des collines, et
177 962 1715 1085 des bois et des forêts. Et quelles forêts,- ce qui reste de la
155 1047 1777 1173 majestueuse et sombre forêt du Mans; - ces forêts, je viens de les
160 1120 1655 1241 traverser, uns fois encore presque toutes, en faisant le tour
157 1201 1638 1324 au département, depuis La Flèche, forêt de Courcelles, forêt
170 1284 1738 1408 du Mélinais, forêt de Sillé-le-Guillaume, celle-là grandiose avec
162 1371 1696 1489 ses escarpements, ses Alpes Mancelles, forêt de Perseigne, forêt
160 1442 1706 1568 de Bellème, toute proche, forêt de Bonnétable, forêt de Vibraye,
170 1516 1685 1646 forêt Jupillé, avec ses chênes droits comme des mâts, toutes
138 1606 1649 1730 plus belles les unes que les autres, plus impressionnantes, et
155 1685 1702 1806 toutes diverses, - comme les eaux, comme les rivières. Après le
151 1760 1666 1881 Loir, après la Mayenne près d'Angers, après la Sarthe, que dire
151 1843 1621 1958 de l'cuisne dont les eaux limpides feraient à elles seules la
153 1922 1685 2033 richesse d’une contrée ; et les affluents de toutes ces rivières
153 1996 1589 2109 de ces affluents de la Loire, - tous ces modestes cours d'eau
629 2054 874 2101 ££
153 2071 1747 2180 grouillants d’écrevisses, malgré XX l’abandon de toute surveillance
149 2148 1644 2261 de la pêche, toutes ces sources jamais taries jamais diminuées,
155 2212 1644 2336 même par les chaleurs prolongées de cet été; - si peu diminuées
