1920 2560
1013 100 1179 185 - 6 -
298 209 1796 394 PINARD, sont élus à Paris malgré les campagnes de calomnie
292 305 1792 467 que vous savez et auxquelles, heureusement, PAINLEVÉ avait
307 388 1856 561 répondu par avance, à la différence de tant d’autres qui, bon
288 467 1817 642 gré malgré, comme moi dans la Sarthe, ont laissé dire, faute
275 558 1604 718 d’avoir la liberté ou la possibilité de s’expliquer.
736 672 1834 821 Quatre ou cinq généraux, imprudemment répu-
262 729 1745 896 blicains, les généraux GERARD, ROQUES, SARRAIL, CLERGERIE,
256 812 1749 983 MESSINY, MALLETERRE, sont battus ; deux généraux seulement
256 898 1796 1077 triomphent, notoirement cléricaux, les généraux de CASTELNAU
247 985 663 1105 et de MAUD'HUY.
699 1096 1779 1233 Un fils de CASSAGNAC, plus violent et plus
238 1154 1627 1324 bonapartiste que son père, s’il est possible, est élu.
693 1265 1734 1410 Léon DAUDET, Grand-Maître de la calomnie,
228 1316 1516 1491 est élu également, mais seulement par 19.000 voix.
689 1435 1736 1578 En revanche son rival et son concurrent à
219 1486 1728 1666 Paris, dans le même secteur, Gustave TERY, est battu ; mais,
219 1574 1734 1747 par une des chinoiseries les plus invraisemblables de la soi-
211 1651 1696 1826 disant représentation proportionnelle, il a eu 30.000 voix,
215 1738 1715 1900 soit 17.00 voix de plus que DAUDET, et c’est DAUDET qui est
194 1798 499 1905 élu !.......
616 1928 1719 2065 L’aristocratie sera représentée à la Chambre
202 1984 1664 2154 par un CASTELLANE, un ROUGÉ, un JUIGNÉ, un la FERRONAYS, un
187 2060 1570 2222 de DION, un GRANDMAISON, un MOUSTIERS, un LASTEYRIE, un
179 2139 1651 2306 LASTOUR, Un BELCASTEL, un MONTJON, etc... etc... sans parler
177 2220 1657 2376 d'un bon lot de petits hobereaux, généralement d'autant plus
