1920 2560
460 61 1779 196 ASSOCIATION FRANCAISE POUR LA SOCIETE
520 145 1060 251 DES NATIONS
247 339 661 448 Pierre Curie, 24
1245 322 1809 428 ££
204 375 403 460 PARIS Ve
1194 452 1796 567 Paris, le 18 Octobre 1919.
844 590 1608 721 à M. d'ESTOURNELLES DE CONSTANT
1058 659 1282 712 Sénateur,
968 678 1418 763 34ter, rue Molitor,
1034 744 1412 804 PARIS XVIe
733 864 1216 970 Mon cher Président,
518 983 1774 1115 Au moment où l'Association Française pour la Société
134 1049 1796 1196 des Nations quitte le Boulevard Saint-Germain pour recevoir à nouveau,
128 1137 1740 1275 rue Pierre Curie, l’hospitalité de la Dotation Carnegie, je tiens à
134 1216 1785 1356 vous adresser en son nom l’expression de sa vive gratitude. L'Associa-
142 1301 1779 1437 tion, certes, aurait souhaité pouvoir conserver l’installation, à beau-
128 1386 1713 1512 coup de points de vue excellente, qu’elle possédait Boulevard Saint
130 1461 1742 1593 Germain et qui, d’ailleurs était pour une bonne part de votre oeuvre.
130 1538 1742 1674 Mais vous savez combien ses ressources sont restreintes, et vous avez
117 1619 1760 1762 tenu, avec l’assentiment de M. le Président BUTLER, à l'aider à sortir
128 1691 1736 1828 de la crise où l’avait jetée la décision de nos collègues anglais et
128 1774 1683 1902 américains, qui n’ont pas cru pouvoir prolonger au delà du premier
119 1849 1728 1984 Janvier prochain leur participation à ses dépenses. Au nom du Comité
119 1920 1757 2054 exécutif de l'Association je vous prie, mon cher Président, de recevoir
115 2003 1529 2141 pour cette généreuse pensée nos bien sincères remerciements.
497 2092 1693 2212 En attendant que l’appartement dont les services de
98 2156 1732 2286 l'Association occuperont une partie, soit en état, le personnel de l’As-
98 2237 1717 2357 sociation Française s’est installé, avec les dossiers et les quelques
106 2312 1715 2434 petits meubles indispensables dans les bureaux actuels de la Dotation
106 2382 330 2464 Carnegie.
