1920 2560
896 83 1053 160 - 2 -
315 164 652 262 naissances !!!
531 253 1902 398 Et n'oublions pas que, parmi les décès, figurent surtout,
313 337 1864 471 non pas les vieillards, - qui se soignent très bien, - mais les
311 420 1243 533 enfants en bas âge, le dernier espoir.
520 505 1813 631 La guerre a élimimé les plus généreux de nos fils et
307 586 1913 729 laissé survivre le reste : les plus égoïstes s'en sont tirés et ils
296 669 1877 804 ne se gênent pas pour faire leurs habituelles déclarations d’abs-
290 750 1755 878 tention ; "pas d’ennuis, pas d’enfants ou le moins possible".
296 838 1836 957 Tandis que les chauvins, toujours intelligents, surenchérissent
292 917 1851 1056 en interdisant l’importation de la main d’œuvre et des produits
281 996 637 1085 de l'étranger.
516 1081 1753 1207 Donc il ne reste à la France qu’à mourir de gloire!
518 1175 1864 1294 Il faut entendre aussi les mères, celles qui, n’ayant pas
281 1243 1862 1378 compté avec leurs sacrifices, ont donné à nos armées deux ou trois
279 1320 1875 1452 fils qui ne sont plus, ou qui sont invalides : il faut les entendre
273 1408 1352 1523 proférer ce mot terrible ; "Si j'avais su!!!"
505 1491 1847 1621 M. CLEMENCEAU fait le procès de nos dirigeants ; les fem-
264 1572 1408 1693 mes ne font pas de discours, elles font grève.
785 1706 1472 1809 Votre affectueusement dévoué,
36 1838 1006 1954 à Monsieur le Président N. Murray BUTLER
262 1928 480 2026 NEW YORK
1047 1785 1544 2011 ££
