1920 2560
972 83 1120 183 - 3 -
620 296 1749 409 La guerre ne nous aura donc rien appris. On
256 390 1885 494 s’en prend de ses déceptions à ses conséquences, au lieu de s'en
262 469 1824 571 prendre à elle-même ; à la révolution ou aux menaces de révolu-
247 561 1787 654 tion et non à elle qui les enfante. Nous n’aurons nullement
266 640 1497 736 profité du fameux enseignement des catastrophes.
625 725 1796 829 Il faut dire que les catastrophes de ces cinq
258 806 1738 908 dernières années ont tellement épuisé et frappé la France,
260 889 1845 998 qu'il faut lui laisser quelques années de crédit pour se remet-
260 979 1792 1083 tre. Les élections générales du 16 Novembre sont le résultat
249 1064 1809 1162 de la fatigue du pays et de ses divisions. Les conservateurs
241 1145 1774 1250 ont réussi à s’unir aux républicains modérés pour résister à
260 1230 1706 1335 des audacieux devenus timides pour le plus grand nombre et
256 1320 1717 1414 inorganisés. Mais maintenant sauront-ils profiter de leur
243 1403 1760 1499 victoire et de la victoire de la France contre leurs adver-
243 1486 1813 1587 saires désemparés ? J'en doute. Ces adversaires n’auront pas
249 1568 1732 1668 de peine, à leur tour, à nouer des coalitions offensives ou
243 1655 1760 1751 défensives. La réforme électorale néfaste, pourra être modi-
241 1730 1779 1834 fiée. Et si les conservateurs n'aboutissent qu’à aggraver la
247 1817 1774 1913 déception générale, les mécontentements formeront de nouveau
241 1905 650 1986 bloc contre eux.
627 1986 1826 2071 Tout cela demandera du temps ! La France pouvait
238 2056 1785 2148 s'épargner, après les épreuves de la guerre, celle d’une tran-
238 2137 1689 2240 sition à mon sens si vaine, si douloureuse et si coûteuse.
