1920 2560
906 164 1024 238 - 2 -
275 311 1740 407 un traître inconscient. Le Gouvernement même l'a aidé ; son
288 403 1738 488 représentant à La Flèche allait partout avec mes adversaires
281 488 1764 571 pour apporter par sa coopération une autorité officielle à la
292 561 940 650 diffamation la plus éhontée.
727 648 1796 744 on parle de l'ingratitude du peuple ; quelle
283 727 524 810 injustice !
736 808 1728 889 Trouvez donc un homme qui soit insensible,
294 885 1836 970 après cinq années de guerre, à cette révélation que son représen-
279 966 1723 1049 tant, son mandataire est, pour une part, responsable du sang
294 1047 1802 1132 versé, des destructions irréparables et des milliards de dettes,
292 1130 1725 1211 et des désordres et des grèves qui sont la conséquence de la
283 1216 450 1288 guerre.
716 1286 1783 1384 Le peuple a été trompé, tout simplement. Et
300 1363 1768 1450 il n’a eu personne que moi pour l'édifier sur mon mérite. J'ai
302 1442 1760 1527 bien pu, dans une mesure très limitée, m'expliquer. Mais avec
281 1521 1845 1610 quelle répugnance ! Me disculper d'avoir fait le bien ! Sous peine
288 1595 1789 1683 de préconiser la révolte, je ne pouvait accuser, à mon tour mes
302 1678 1794 1762 accusateurs, sans ouvrir contre eux le grand procès. Ils ont donc
292 1751 1779 1838 bénéficié de l'embarras de ma situation. Et encore pas ouverte-
275 1832 1766 1917 ment. Pas une seule fois en public on n’a rien osé, rien pu me
290 1905 1749 1996 reprocher. Seul, à la fin, le Comte de Nicolay, poussé à bout,
309 1979 1738 2073 ne sachant que dire, m’a reproché de n’avoir servi la paix que
309 2052 1736 2156 pour toucher de gros traitements à La Haye et le prix Nobel !!
298 2124 1762 2235 Voilà toute la bassesse de ce dirigeant de demain !! Un de ses
292 2201 1721 2316 partisans, le dernier jour, a risqué devant lui pour le tirer
