1920 2560
844 106 1024 194 - 11 -
147 262 1760 362 au lieu de le faire exploiter par leurs régisseurs. Les sangliers
142 349 1762 450 sont assez nombreux encore pour faire des ravages à la lisière des
142 435 1546 526 forêts, et les lapins, et les faisans et les compagnies de
145 516 1736 612 perdrix ; - ô phénomène ; les perdrix rouges et les perdrix grises
142 597 1672 682 toujours séparées d’ordinaire, vivent chez nous dans les mêmes
151 682 1742 774 champs, mais pas ensemble; à Créans, chaque champ est le domicile
153 761 1728 851 de deux compagnies distinctes et qui ne se confondent jamais. Là
134 836 1721 938 comme ailleurs, comme partout, règne l’indépendance, la variété et
138 919 1691 1017 tout de même la conciliation. Comment s’étonner, en un tel pays
142 1002 1691 1094 sous ce ciel si doux et parfois si rude, mais toujours favorable
142 1081 1674 1175 au développement des produits du sol, comment s’étonner que les
136 1158 1655 1258 habitants soient eux-mêmes tellement variés, et indépendants et
130 1237 1657 1341 savoureux, pénétrés, eux aussi, d’un goût de terroir, et qu’ils
134 1316 1717 1429 tiennent à se distinguer tous les uns des autres pour ne faire qu'
128 1403 1674 1501 un pourtant dans les grandes crises nationales? Ils sont rares,
134 1478 1632 1587 malheureusement, de plus en plus rares. Et c’est pourquoi les
136 1559 1657 1657 vrais patriotes devaient s’efforcer d’empêcher cette guerre qui
151 1638 1700 1745 fera tomber de plusieurs millions notre natalité, alors que celle
136 1713 1602 1821 de l’Allemagne va s’élever encore au double de la nôtre et au-
128 1783 1604 1892 delà ; alors surtout que le lendemain de cette guerre va faire
136 1868 1666 1966 peser sur nos populations clairsemées tant de charges XXXXXXX.
136 1947 1646 2043 Comment lutter dorénavant, avec nos ressources diminuées, contre
134 2022 1638 2124 l'activité multipliée et privilégiée de nos rivaux, sans compter
132 2097 1734 2197 celle de nos ennemis ? Vous ai-je dit que mon auto américaine, ££supposée££
128 2171 1672 2282 achetée à New-York au cours normal de 5 francs le dollar, et payée
