1920 2560
814 104 987 221 - 2 -
177 224 1674 401 documents.- Vous trouverez dans le discours de M. Bourgeois,
170 326 1749 492 comme je vous l'ai dit, beaucoup plus de sérénité, peut-être plus
192 409 1710 561 de sagesse, que dans mes critiques ; en tous cas, il constitue
177 492 1670 637 une imposante confirmation de nos convictions et de notre foi
192 580 1728 733 dans l’avenir de la Société des Nations.- Le lendemain j'étais
172 659 1655 800 absent, comme je vous l'ai dit ; d’autres devoir m’appelaient
172 748 1702 885 au Mans pour la préparation de nos élections prochaines, parti-
177 827 1728 970 culièrement compliquées cette fois, dans la Sarthe, que M. Cail-
160 913 1683 1043 laux représente à la chambre. - J'ai pu revenir le Samedi matin
177 992 1689 1126 pour la dernière séance et entendre, souvent même applaudir, le
155 1079 1657 1205 discours de Clemenceau. Admirable lutteur, esprit plus lucide
155 1158 1623 1284 que jamais, pénétrant, aigu, toujours vif, il a tenu plus de
153 1245 1625 1365 deux heures la tribune, à son âge : 78 ans ! Le sénat a voté
145 1333 1634 1446 l'affichage de son discours comme celui de M. Léon Bourgeois ;
157 1405 1570 1525 mais quelle différence entre les deux ; celui de Bourgeois
145 1489 1623 1610 était un acte de foi ; trop complaisant à mon gré, mais inva-
151 1574 1640 1689 riable dans l’avenir de la paix ; celui de Clemenceau, au con-
155 1649 1606 1766 traire, un exposé brillant, amusant, émouvant, de ses doutes,
138 1734 1610 1845 de ses expériences, de ses révoltes contre cette guerre qu'il
136 1817 1582 1924 a pourtant considérée et qu’il considère encore comme inévi-
134 1894 1587 2005 table ; rien de plus séduisant que cet exposé clair comme du
130 1977 1621 2082 cristal, mais rien aussi de plus superficiel : certes, je lui
136 2058 1644 2163 rends justice ; il n'a rien répondu à ce que j'ai dit de l'iso-
134 2135 1642 2242 lement économique et financier de la France, à la mystification
121 2212 1589 2325 du désarmement ; il a parlé des défaites de Louis XIV, et de
