1920 2560
821 53 992 172 - 13 -
130 243 1747 358 le travail de nos pères heureusement nous a léguées, toutes ces
153 341 1813 450 routes qui s’entrecoisent, grandes et petites mais toutes meilleu-
140 426 1777 544 res et mieux entretenues les unes que les autres avant la guerre,
145 514 1787 622 nationales, départementales, vicinales, les plus petites surtout,
138 599 1774 704 soignées comme les allées d'un parc, je vois de temps en temps,-
138 689 1753 780 pas souvent,- le long des haies, au bord des champs, des enfants
138 768 1760 872 qui regardent passer mon auto. Pâles, chétifs, peu couverts, ils
157 857 1781 960 devraient trembler sous la pluie et la première bise de l’automne;
149 940 1664 1036 non, ils méditent, attentifs, - habitués, résolus déjà à tout
162 1021 1717 1124 supporter ; ils seraient non moins résolus à tout entreprendre,
162 1100 1713 1205 si on leur en donnait les moyens dont la guerre les aura privés,
151 1188 1755 1288 sans qu’ils s’en doutent ! Avec quel serrement de coeur je passe
149 1271 1079 1361 rapide devant leur activité sacrifiée.
610 1352 1760 1448 Je ne rêve pas, je sers mon pays en l’observant
147 1437 1723 1538 après cette guerre, comme je l’ai servi, avant pour la prévenir,
104 1521 1725 1621 ££ant pour la repousser. Mais j’ai peine parfois, je l’avoue, à
145 1602 1745 1693 ne pas me décourager. Je reviens donc où j'en était de ce voyage
164 1681 1789 1777 autour de mon département que j’entreprends comme Xavier de Maistre
138 1764 1698 1858 accomplissait son "voyage autour de ma chambre"; je reviens au
145 1836 1783 1941 Comice Agricole et à la fête de Mamers que j’étais appelé de longue
140 1922 1749 2016 date à présider. Quelle réponse à mes velléités de découragement!
140 2003 1664 2097 Malgré la pluie, le froid, je trouve la grande salle des fêtes
149 2082 1706 2169 comble et un banquet de 50 couverts servi comme avant la guerre.
140 2161 1713 2252 Bien plus, on m’apprend que le Concours Agricole, dans la matinée
142 2233 1657 2338 a été une surprise: suspendu pendant cinq années, mal préparée
145 2316 1710 2406 par une sécheresse persistante de plusieurs mois, on se demandait
