1920 2560
851 76 1017 142 - 10 -
187 187 1789 311 qu’elles ne cessent de vivifier nos prés toujours verts, nos pâ-
168 285 1702 390 turages toujours fréquentés, et que le Loir n’a pas cessé un
172 369 1802 482 seul instant de couler chez nous à pleins bords, sans même baisser
177 460 1804 573 d’un centimètre. Tout est varié dans ce pays, et (cependant) chaque
168 526 1794 657 variété se conserve, se perpétue, comme le ciel, comme le climat,
166 622 1774 748 comme les produits de notre sol. Sorti des bois et des herbages,
160 704 1798 821 j'oublie la guerre en découvrant, autour des fermes, des champs de
172 780 1760 906 blé, de seigle, d’avoine, d’orge, entrecoupés de haies, plantées
160 866 1779 994 d’arbres tantôt forestiers, tantôt fruitiers, des chênes superbes
168 949 1762 1070 des chataigniers surtout, que l’industrie des tanneurs guette et
170 1028 1742 1158 décime malheureusement ; partout les pommiers, les poiriers, non
164 1109 1730 1239 pas superbes comme en Picardie, ces magnifiques poiriers que les
170 1190 1683 1322 Allemand ont XXXX sciés par le pied, mais couverts de fruits,
160 1280 1734 1405 comme les noyers ; ces fruits indéfinissables et toujours variés,
164 1356 1689 1495 comme la vigne, chacun se distinguant du voisin par une saveur,
162 1429 1757 1565 un goût de terroir particuliers ! Et je ne parle pas des champs de
164 1512 1742 1642 maïs, si minimes comparés à ceux des Etats-Unis, et des citrouil-
160 1591 1742 1723 les et des potirons et des courges, et des choux dont le Moyen-Age
162 1666 1685 1804 a si bien compris la beauté, et des betteraves et des navets et
168 1751 1617 1883 des pommes de terre, et des champignons qui sont devenus une
162 1826 1696 1956 fortune por certaines régions, - et des abeilles malheureusement
160 1902 1751 2037 presque abandonnées mais qu'on essaie de réacclimater, et du gibier!;
160 1981 1574 2112 Les cerfs, les chevreuils habitent encore ce qui reste de la
168 2065 1696 2190 grande forêt et font les frais des grandes chasses des châtelains
168 2137 1640 2265 du Lude, de Juigné et de Bonnétable, les seigneurs d’autrefois,
170 2218 1591 2338 qui n’avaient qu’à se laisser vivre et aimer pour rester les
166 2295 1606 2427 maîtres du pays, s’ils avaient consenti seulement à l'habiter,
