1920 2560
902 115 1100 226 - 11 -
238 317 1774 428 leur assurait la guerre. Je les trouverai successivement, et
230 418 1698 509 de plus en plus acharnés, à chacune de mes élections parce
230 503 1693 590 qu'ils savent qu’en dépit de l'impossibilité d’agir où la
228 578 1806 680 guerre m'a réduit jusqu’ici, je représente vraiment contre eux
247 672 1821 770 le sentiment du pays. Tant que je serai debout ils ne pourront
232 757 1621 846 pas être tranquilles. Mais je suis tellement sûr de ma
234 844 1800 930 conscience et d’avoir servi contre eux mon pays, que j'appelle
230 921 1843 1013 de tous mes voeux leurs contradictions au de leur dissimulation,
1228 904 1341 957 lieu
230 1006 1753 1100 de leurs pièges et de leur fuite. IN ARDUIS CONSTANS, telle
234 1094 1514 1196 a été, telle est, telle sera toujours la devise de
810 1216 1531 1318 Votre affectueusement dévoué
1171 1301 1339 1420 ££
34 1561 925 1640 Bureau, r/ésumant les résultats des
42 1486 881 1582 Ci-joint une intéressante note du
51 1602 298 1681 élections.
68 1828 1233 1934 à Monsieur le Président Nicholas Murray BUTLER,
563 1932 806 2024 NEW-YORK.
