1920 2560
915 74 1051 142 - 4 -
529 241 1841 381 A La Flèche, l'incapable Gaudineau, célèbre par son
172 354 1651 471 opulente nullité, prend la place de l’admirable Dr. Buquin,
170 441 1783 554 respecté de tous et d’autant plus calomnié. A Brûlon, le Comte
170 522 1843 644 d'Audigné succède à mon regretté ami Laroche ; le comte de Nicolay
162 590 1796 731 siègera désormais pour le Lude, le comte de Rougé pour Sablé. Le
168 699 1806 814 canton de Malicorne est en ballottage entre le conseiller sortant
164 770 1768 891 républicain et le comte de Vezins. Ailleurs, c’est le Prince de
153 866 1681 972 Lucinge, le comte de Dreux-Brézé, le Duc des Curs, le Duc de
179 942 1779 1073 la Rochefoucauld, parmi lesquels quelques braves gens, mais pour
155 1019 731 1117 la plupart incapables.
537 1124 1760 1226 La réaction triomphe enfin, - mais XXX pour peu de
151 1201 1706 1309 temps. Elle ne voudra, elle ne pourra pas frapper d’impôts sa
155 1280 1755 1390 clientèle, ni par conséquent emprunter ; elle s’en prendra à nos
170 1361 1749 1474 Alliés, et nous poussera rapidement à la faillite, à la discorde
160 1446 1122 1542 et à l’isolement, comme sous l'Empire.
563 1538 1710 1634 D’ici là, heureusement, la France, surprise, se
170 1602 1646 1717 ressaisira, mais à quel prix ? C'est ce dommage incalculable
153 1691 1766 1800 que, de toutes mes forces, j'ai voulu éviter. Après cette guerre
155 1768 1646 1873 néfaste, c'est son lendemain qui commence à peine . Je n'ai
166 1849 1689 1956 pas le droit de me plaindre, car il m’a été donné de faire tout
153 1922 1779 2043 ce que j'ai pu, et je n'ai qu’à m'en prendre à ma faiblesse contre
164 2003 1768 2126 tant d’adversaires, d’ignorants et d’indifférents, si j'ai échoué.
580 2088 1774 2220 J'ai été aidé cependant, et je serais bien ingrat
160 2156 1623 2284 si, en terminant cette lettre rapide, je ne rappelais pas la
