1920 2560
808 125 960 215 - 3 -
194 258 1845 394 dont vous connaissez la sage administration de rigoureuse économie,
192 366 1777 477 surtout pendant la guerre. En conséquence vous recevrez de deux
181 458 1642 556 sources distinctes le forfait de 2.000 francs en question.
196 544 1811 642 1.000 francs de la DOTATION CARNEGIE et 1.000 francs de la Conci-
196 631 1753 723 liation. Cela ne fera pas, pour vous, de différence ; pour moi,
196 718 1683 806 j'estime que la Conciliation doit tenir à honneur, comme la
215 800 832 887 DOTAT ION, de vous aider.
428 876 1819 972 Vous pourrez toucher dès aujourd'hui les deux versements,
196 970 1802 1058 par anticipation, afin que cette affaire soit réglée sans retard.
211 1053 1730 1152 Ci-joint un chèque de 1.000 francs et une lettre de crédit de
213 1147 608 1241 pareille somme.
