<?xml version="1.0" encoding="UTF-8"  standalone="yes"?>
<PcGts xmlns="http://schema.primaresearch.org/PAGE/gts/pagecontent/2019-07-15" xmlns:xsi="http://www.w3.org/2001/XMLSchema-instance" xsi:schemaLocation="http://schema.primaresearch.org/PAGE/gts/pagecontent/2019-07-15 http://schema.primaresearch.org/PAGE/gts/pagecontent/2019-07-15/pagecontent.xsd">
  <Metadata>
	<Creator>escriptorium</Creator>
	<Created>2021-03-18T09:57:21.194323+00:00</Created>
    <LastChange>2021-03-18T09:57:21.194344+00:00</LastChange>
  </Metadata>
  <Page imageFilename="P1190764.JPG" imageWidth="1920" imageHeight="2560">

    

    
    <TextRegion id="eSc_dummyblock_">
    
    
      <TextLine id="eSc_line_237951" >
        <Coords points="268,96 281,40 302,64 324,59 347,83 356,81 360,100 352,172 320,155 292,179 268,183"/>
        <Baseline points="269,96 361,102"/>
        <TextEquiv>
          <Unicode>T</Unicode>
        </TextEquiv>
      </TextLine>

    
    
      <TextLine id="eSc_line_237764" >
        <Coords points="1169,132 1177,96 1190,104 1201,93 1230,106 1243,98 1254,106 1297,104 1312,119 1333,119 1361,102 1403,115 1469,100 1489,119 1504,104 1527,108 1553,96 1574,102 1591,87 1610,102 1642,91 1664,98 1674,87 1719,100 1730,91 1762,102 1783,98 1796,106 1802,130 1796,157 1762,181 1749,181 1723,157 1708,164 1674,145 1638,160 1608,157 1597,168 1574,155 1484,160 1465,172 1437,172 1410,153 1358,168 1335,153 1314,168 1286,157 1239,160 1203,170 1184,189 1171,185"/>
        <Baseline points="1171,134 1437,131 1501,134 1621,130 1803,132"/>
        <TextEquiv>
          <Unicode>PARIS, le 20 octobre 1919</Unicode>
        </TextEquiv>
      </TextLine>

    
    
      <TextLine id="eSc_line_237950" >
        <Coords points="512,334 518,326 531,330 588,281 612,307 629,311 646,313 669,300 738,315 770,300 776,309 797,302 817,313 832,300 853,324 908,300 934,311 977,311 1024,273 1079,330 1115,339 1109,384 1019,392 994,381 945,403 910,405 883,384 806,396 787,386 776,394 714,388 697,403 672,386 659,394 650,386 610,394 514,386"/>
        <Baseline points="513,337 1117,340"/>
        <TextEquiv>
          <Unicode>DÉPOPULATION AGGRAVÉE</Unicode>
        </TextEquiv>
      </TextLine>

    
    
      <TextLine id="eSc_line_237765" >
        <Coords points="849,544 851,497 868,499 878,488 900,499 915,492 930,507 953,488 977,501 1019,499 1058,514 1083,494 1113,488 1143,507 1160,499 1177,509 1194,492 1222,501 1228,546 1222,582 1201,584 1186,571 1124,580 1085,569 1062,580 1043,563 1004,586 987,571 979,580 949,576 930,561 893,576 851,573"/>
        <Baseline points="849,544 1006,550 1228,546"/>
        <TextEquiv>
          <Unicode>Mon cher Butler,</Unicode>
        </TextEquiv>
      </TextLine>

    
    
      <TextLine id="eSc_line_237766" >
        <Coords points="473,708 477,663 524,635 548,646 561,640 590,669 620,650 640,667 652,654 678,678 701,665 721,672 736,657 793,678 821,659 859,669 883,652 904,650 930,669 953,659 1028,669 1058,657 1088,678 1130,652 1143,665 1177,672 1205,663 1224,676 1262,648 1284,669 1333,667 1376,680 1412,654 1454,676 1495,674 1512,663 1542,676 1574,659 1610,654 1634,672 1666,672 1681,661 1708,680 1732,659 1751,669 1783,646 1809,665 1815,708 1809,733 1794,744 1777,729 1719,729 1708,718 1670,748 1655,733 1623,727 1606,740 1580,733 1565,742 1540,727 1514,746 1463,721 1444,736 1329,733 1312,744 1303,736 1243,731 1220,746 1184,731 1171,738 1145,723 1096,740 1062,731 1047,742 1026,733 1004,742 955,736 936,748 923,736 868,738 821,753 808,742 772,740 586,742 565,725 541,742 477,738"/>
        <Baseline points="473,708 1478,712 1553,701 1781,701 1815,708"/>
        <TextEquiv>
          <Unicode>Les sinistres plaisanteries des auteurs de guerre ont</Unicode>
        </TextEquiv>
      </TextLine>

    
    
      <TextLine id="eSc_line_237767" >
        <Coords points="258,787 260,759 298,736 324,744 396,740 407,748 450,738 475,759 507,740 522,750 580,742 599,761 627,742 695,742 704,750 770,742 808,744 844,765 883,744 891,753 951,753 964,740 974,748 994,738 1009,748 1075,742 1092,753 1098,789 1083,817 1062,817 1051,827 1036,814 1015,823 979,817 947,829 928,814 910,827 878,819 861,825 821,821 808,808 755,825 637,814 618,827 526,817 477,829 458,817 418,827 377,817 345,827 317,819 260,821"/>
        <Baseline points="260,789 345,797 938,795 1100,791"/>
        <TextEquiv>
          <Unicode>leur lendemain, hélas trop prévu.</Unicode>
        </TextEquiv>
      </TextLine>

    
    
      <TextLine id="eSc_line_237768" >
        <Coords points="471,874 482,829 518,827 535,844 552,827 582,821 631,842 650,825 721,836 768,819 789,832 810,817 840,838 870,838 885,823 932,838 983,817 1047,834 1064,817 1088,817 1141,840 1154,829 1169,838 1254,827 1273,836 1288,821 1312,838 1361,840 1382,823 1405,838 1440,829 1459,840 1480,827 1497,834 1518,814 1544,838 1595,829 1619,832 1632,844 1676,823 1704,842 1751,825 1764,838 1809,836 1815,866 1809,891 1757,900 1674,900 1655,889 1629,900 1617,891 1593,906 1574,893 1525,893 1512,906 1472,893 1454,898 1442,885 1422,900 1388,885 1369,902 1331,896 1316,906 1288,891 1186,902 1147,896 1124,906 1102,885 1081,902 1030,896 947,904 936,896 900,904 881,887 853,908 810,891 787,904 757,898 736,908 716,893 682,906 608,906 597,898 565,900 544,885 526,902 475,900"/>
        <Baseline points="473,876 586,872 1533,874 1764,864 1817,868"/>
        <TextEquiv>
          <Unicode>Et tandis que M. POINCARÉ qui n’a pas d’enfants, et pour</Unicode>
        </TextEquiv>
      </TextLine>

    
    
      <TextLine id="eSc_line_237769" >
        <Coords points="258,953 275,925 330,934 369,902 392,913 443,900 460,913 529,910 550,928 567,913 605,908 627,925 646,908 669,906 701,906 738,925 774,904 797,904 829,917 947,915 962,928 994,906 1013,915 1073,908 1100,928 1117,915 1166,923 1184,908 1196,919 1241,921 1277,908 1297,919 1307,910 1352,921 1369,913 1382,923 1412,915 1442,928 1512,919 1553,940 1589,910 1627,923 1655,913 1683,917 1702,902 1717,913 1734,902 1755,919 1781,919 1787,947 1770,979 1736,974 1717,983 1691,972 1672,985 1627,970 1587,981 1563,964 1531,987 1504,977 1437,974 1425,985 1378,977 1354,992 1297,970 1262,992 1248,979 1196,979 1173,968 1120,985 1100,968 1075,983 1019,985 1002,972 985,987 964,987 932,968 859,994 834,977 780,989 712,972 691,981 661,974 625,998 608,983 454,987 422,972 401,989 343,985 330,996 262,979"/>
        <Baseline points="260,955 1085,960 1132,957 1201,953 1459,949 1789,949"/>
        <TextEquiv>
          <Unicode>cause, conseille à ceux qui en ont eu six, comme moi, de faire</Unicode>
        </TextEquiv>
      </TextLine>

    
    
      <TextLine id="eSc_line_237770" >
        <Coords points="241,1032 300,987 332,998 411,981 424,989 469,985 480,994 492,985 588,992 603,1004 625,998 714,1006 725,998 780,1021 797,1009 851,998 923,1002 966,1021 996,998 1060,1009 1081,994 1158,1009 1205,1006 1216,998 1245,1006 1267,994 1299,1019 1356,998 1516,1000 1529,992 1568,994 1587,1006 1627,992 1664,1002 1702,989 1715,1000 1772,1002 1804,987 1845,1013 1851,1030 1845,1049 1826,1062 1781,1058 1753,1066 1713,1056 1672,1064 1636,1049 1606,1060 1580,1045 1563,1058 1501,1058 1480,1068 1459,1068 1442,1056 1412,1066 1397,1056 1341,1064 1324,1053 1273,1070 1248,1056 1201,1058 1186,1068 1154,1056 1113,1068 1098,1060 998,1064 974,1053 955,1068 885,1060 872,1070 834,1060 797,1070 770,1058 738,1075 710,1053 657,1070 627,1058 584,1068 539,1051 484,1070 456,1060 394,1068 371,1053 354,1064 307,1062 285,1079 245,1049"/>
        <Baseline points="243,1034 330,1038 352,1034 921,1034 1572,1036 1693,1034 1824,1024 1852,1031"/>
        <TextEquiv>
          <Unicode>leur devoir envers la patrie, tandis que M. CLEMENCEAU s’aperçoit</Unicode>
        </TextEquiv>
      </TextLine>

    
    
      <TextLine id="eSc_line_237771" >
        <Coords points="241,1124 245,1100 266,1083 305,1107 334,1083 388,1088 403,1098 420,1088 462,1090 492,1102 535,1073 580,1073 616,1092 644,1070 678,1081 718,1070 746,1090 778,1075 806,1081 819,1073 851,1081 874,1075 887,1083 915,1077 930,1088 951,1068 1002,1088 1026,1073 1060,1081 1081,1075 1092,1083 1162,1075 1184,1088 1235,1085 1262,1066 1303,1090 1320,1081 1397,1085 1422,1073 1433,1081 1457,1079 1482,1100 1510,1081 1568,1081 1580,1092 1619,1070 1655,1085 1683,1075 1708,1081 1723,1070 1760,1085 1804,1079 1832,1109 1802,1143 1725,1137 1708,1149 1651,1137 1591,1147 1572,1137 1516,1152 1491,1132 1461,1147 1418,1137 1341,1147 1316,1130 1269,1147 1196,1137 1160,1152 1141,1137 1120,1147 1081,1134 1009,1139 970,1156 949,1141 938,1152 913,1134 889,1149 855,1137 825,1152 810,1141 785,1149 731,1137 721,1145 635,1141 605,1152 518,1134 469,1156 407,1145 381,1156 366,1147 268,1147 245,1128"/>
        <Baseline points="242,1126 366,1122 832,1122 1834,1111"/>
        <TextEquiv>
          <Unicode>à 78 ans, avec beaucoup d’esprit et peu de cœur, que la France</Unicode>
        </TextEquiv>
      </TextLine>

    
    
      <TextLine id="eSc_line_237788" >
        <Coords points="256,1196 273,1171 302,1162 315,1173 345,1164 362,1177 401,1162 420,1175 443,1156 520,1149 548,1171 588,1147 633,1156 654,1173 682,1162 691,1169 714,1149 755,1160 778,1149 810,1173 832,1158 870,1152 904,1179 925,1162 960,1154 977,1164 994,1149 1041,1186 1070,1160 1090,1169 1107,1156 1134,1169 1166,1149 1209,1166 1228,1158 1292,1166 1346,1156 1380,1166 1442,1162 1459,1173 1531,1154 1629,1164 1696,1152 1755,1171 1832,1158 1849,1190 1843,1218 1802,1226 1789,1220 1770,1235 1723,1220 1689,1226 1642,1216 1627,1226 1572,1218 1518,1220 1497,1230 1461,1207 1440,1220 1418,1218 1393,1237 1326,1220 1294,1230 1256,1220 1190,1228 1149,1213 1130,1226 1038,1222 1006,1233 985,1222 951,1230 910,1213 881,1233 825,1220 806,1233 785,1224 770,1233 738,1209 718,1222 672,1222 659,1233 580,1222 556,1222 544,1233 518,1224 486,1233 426,1216 339,1233 260,1218"/>
        <Baseline points="256,1198 1713,1198 1783,1190 1821,1190 1851,1191"/>
        <TextEquiv>
          <Unicode>devait être économe de son sang, les statistiques officielles XXX</Unicode>
        </TextEquiv>
      </TextLine>

    
    
      <TextLine id="eSc_line_237790" >
        <Coords points="256,1277 260,1241 270,1243 288,1228 328,1239 381,1230 422,1258 435,1248 475,1254 494,1237 529,1228 563,1252 620,1235 663,1235 689,1250 716,1237 761,1235 782,1243 812,1230 832,1239 846,1228 900,1243 930,1241 957,1256 1047,1235 1075,1250 1126,1237 1139,1245 1154,1233 1184,1245 1201,1230 1222,1243 1237,1230 1265,1250 1326,1235 1352,1248 1440,1239 1525,1248 1589,1245 1623,1233 1642,1245 1755,1248 1762,1277 1753,1297 1710,1299 1698,1309 1670,1299 1632,1316 1600,1303 1572,1326 1476,1297 1440,1307 1414,1288 1376,1307 1335,1294 1307,1316 1275,1303 1241,1309 1218,1297 1192,1318 1158,1322 1111,1299 1081,1299 1068,1309 1051,1294 1011,1318 981,1314 962,1299 934,1320 906,1301 876,1314 864,1305 842,1314 823,1303 804,1318 785,1307 757,1318 742,1305 729,1314 697,1303 678,1314 644,1303 588,1305 576,1316 558,1305 524,1320 507,1305 298,1314 260,1301"/>
        <Baseline points="256,1277 313,1284 774,1284 874,1277 970,1280 1045,1275 1090,1277 1132,1273 1576,1273 1762,1277"/>
        <TextEquiv>
          <Unicode>XXXX publient les chiffres que voici, pour ma seule région:</Unicode>
        </TextEquiv>
      </TextLine>

    
    
      <TextLine id="eSc_line_237780" >
        <Coords points="482,1354 484,1326 499,1312 548,1331 565,1316 595,1331 614,1318 672,1322 708,1312 723,1326 738,1314 757,1326 768,1316 785,1333 817,1333 829,1320 868,1312 881,1361 866,1386 780,1376 761,1386 684,1388 669,1373 648,1390 484,1384"/>
        <Baseline points="482,1354 561,1361 881,1361"/>
        <TextEquiv>
          <Unicode>MAYENNE (Lav/al)</Unicode>
        </TextEquiv>
      </TextLine>

    
    
      <TextLine id="eSc_line_237778" >
        <Coords points="484,1433 486,1393 774,1393 793,1384 842,1384 896,1431 889,1461 857,1469 846,1461 782,1467 768,1478 738,1457 721,1472 610,1463 539,1474 486,1467"/>
        <Baseline points="484,1433 859,1437 896,1431"/>
        <TextEquiv>
          <Unicode>Naissances 3.804</Unicode>
        </TextEquiv>
      </TextLine>

    
    
      <TextLine id="eSc_line_237785" >
        <Coords points="482,1518 490,1489 533,1484 548,1493 588,1467 603,1467 650,1514 637,1555 599,1544 567,1546 556,1557 509,1544 484,1553"/>
        <Baseline points="482,1518 618,1523 650,1514"/>
        <TextEquiv>
          <Unicode>Décès:</Unicode>
        </TextEquiv>
      </TextLine>

    
    
      <TextLine id="eSc_line_237777" >
        <Coords points="731,1516 733,1478 753,1472 797,1491 842,1476 872,1484 878,1514 874,1544 851,1544 838,1557 821,1546 780,1561 744,1542 736,1550"/>
        <Baseline points="731,1516 821,1512 878,1514"/>
        <TextEquiv>
          <Unicode>6.548</Unicode>
        </TextEquiv>
      </TextLine>

    
    
      <TextLine id="eSc_line_237781" >
        <Coords points="490,1676 494,1649 520,1644 539,1653 561,1636 576,1649 618,1638 635,1653 665,1634 689,1646 721,1634 736,1649 823,1640 855,1672 876,1674 910,1640 970,1651 989,1632 1028,1651 1085,1642 1094,1676 1090,1708 1073,1710 1045,1698 1019,1713 1000,1704 968,1710 957,1700 913,1708 881,1676 855,1676 825,1706 665,1704 631,1696 616,1704 494,1702"/>
        <Baseline points="490,1676 1094,1676"/>
        <TextEquiv>
          <Unicode>MAINE et LOIRE (Angers)</Unicode>
        </TextEquiv>
      </TextLine>

    
    
      <TextLine id="eSc_line_237784" >
        <Coords points="490,1757 494,1728 742,1730 763,1745 785,1728 814,1736 859,1700 900,1708 906,1751 900,1779 878,1789 855,1779 842,1787 800,1781 782,1796 765,1783 714,1785 701,1777 659,1796 633,1779 593,1789 578,1779 531,1796 512,1779 492,1781"/>
        <Baseline points="490,1757 524,1751 906,1751"/>
        <TextEquiv>
          <Unicode>Naissances : 5.744</Unicode>
        </TextEquiv>
      </TextLine>

    
    
      <TextLine id="eSc_line_237776" >
        <Coords points="490,1830 497,1802 556,1802 569,1789 601,1806 629,1804 652,1828 718,1828 768,1798 793,1798 812,1815 832,1800 885,1796 919,1828 942,1832 923,1832 872,1883 846,1883 808,1860 768,1862 736,1836 674,1832 612,1885 595,1868 526,1883 512,1875 492,1890"/>
        <Baseline points="492,1832 533,1832 563,1838 584,1834 943,1833"/>
        <TextEquiv>
          <Unicode>Décès : 11.734</Unicode>
        </TextEquiv>
      </TextLine>

    
    
      <TextLine id="eSc_line_237775" >
        <Coords points="497,1984 507,1941 526,1958 561,1937 576,1956 633,1945 648,1960 686,1928 716,1924 740,1902 806,1962 842,1937 864,1960 876,1956 889,1971 908,1956 932,1981 964,1966 983,1979 1009,1979 1041,1949 1036,2043 992,2052 957,2052 945,2039 919,2050 902,2035 772,2039 740,2005 718,2003 706,1990 689,1998 676,1986 644,2009 499,2013"/>
        <Baseline points="499,1984 539,1981 584,1986 637,1986 770,1992 864,1988 889,1992 936,1992 1045,2001"/>
        <TextEquiv>
          <Unicode>SARTHE ££(Le Mans)££</Unicode>
        </TextEquiv>
      </TextLine>

    
    
      <TextLine id="eSc_line_237782" >
        <Coords points="501,2058 503,2039 663,2037 689,2045 699,2035 740,2035 765,2052 785,2035 806,2035 817,2045 861,2033 900,2035 930,2062 921,2080 891,2090 808,2090 797,2101 770,2077 738,2099 718,2088 704,2103 691,2090 669,2088 646,2099 625,2088 610,2097 593,2088 503,2094"/>
        <Baseline points="501,2058 804,2058 930,2062"/>
        <TextEquiv>
          <Unicode>Naissances : 5.910</Unicode>
        </TextEquiv>
      </TextLine>

    
    
      <TextLine id="eSc_line_237779" >
        <Coords points="482,2133 499,2109 541,2101 563,2109 573,2099 595,2116 637,2114 659,2135 725,2133 761,2097 776,2109 800,2105 817,2120 846,2107 902,2105 936,2133 898,2163 834,2163 814,2182 759,2163 731,2137 721,2148 680,2137 640,2169 573,2182 554,2165 507,2171 484,2148"/>
        <Baseline points="484,2135 567,2135 595,2139 938,2135"/>
        <TextEquiv>
          <Unicode>Décès : 10.046</Unicode>
        </TextEquiv>
      </TextLine>

    
    
      <TextLine id="eSc_line_237791" >
        <Coords points="377,2212 396,2182 409,2190 452,2188 490,2163 524,2190 546,2190 556,2180 614,2186 631,2169 663,2171 684,2190 731,2171 755,2188 793,2176 846,2186 885,2171 902,2186 942,2173 957,2184 1024,2188 1038,2173 1066,2167 1088,2180 1122,2148 1134,2148 1169,2180 1179,2169 1228,2180 1262,2165 1275,2178 1292,2171 1331,2186 1354,2169 1376,2176 1418,2165 1437,2182 1457,2171 1469,2182 1493,2184 1501,2176 1521,2190 1557,2193 1591,2190 1606,2180 1640,2199 1674,2169 1706,2190 1713,2220 1704,2242 1661,2254 1634,2237 1574,2248 1546,2229 1512,2259 1491,2237 1472,2246 1416,2233 1399,2244 1335,2225 1307,2246 1269,2225 1243,2240 1181,2233 1128,2244 1098,2225 1085,2237 1032,2240 1004,2254 977,2237 949,2240 934,2252 904,2240 881,2259 855,2242 840,2254 814,2240 738,2237 723,2252 701,2252 682,2233 625,2252 578,2250 567,2242 492,2242 469,2259 452,2259 435,2244 381,2252"/>
        <Baseline points="379,2214 418,2220 541,2222 599,2216 672,2216 1463,2214 1542,2210 1715,2222"/>
        <TextEquiv>
          <Unicode>Soit environ deux fois plus de décès, en moyenne, que de</Unicode>
        </TextEquiv>
      </TextLine>

    
    
      <TextLine id="eSc_line_237787" >
        <Coords points="23,2299 25,2265 34,2261 68,2274 93,2259 113,2278 153,2265 183,2272 219,2235 256,2265 283,2248 313,2263 384,2263 403,2248 420,2257 433,2244 450,2261 480,2254 509,2267 526,2252 565,2259 597,2250 637,2261 665,2246 680,2261 750,2244 814,2242 842,2259 849,2280 844,2314 825,2304 797,2318 776,2310 748,2336 689,2312 669,2327 631,2316 608,2327 590,2316 558,2316 550,2325 512,2306 484,2318 443,2295 420,2310 386,2308 375,2316 341,2308 330,2316 315,2308 264,2327 230,2327 209,2310 185,2331 149,2329 136,2316 108,2333 81,2333 66,2318 46,2338 27,2327"/>
        <Baseline points="25,2301 125,2297 194,2299 217,2295 320,2289 629,2291 669,2284 716,2282 851,2282"/>
        <TextEquiv>
          <Unicode>à M. le Président N. Murray BUTLER</Unicode>
        </TextEquiv>
      </TextLine>

    
    
      <TextLine id="eSc_line_237789" >
        <Coords points="283,2323 313,2306 334,2325 366,2327 388,2308 424,2310 443,2297 475,2312 488,2336 480,2374 469,2365 437,2365 426,2376 403,2365 283,2368"/>
        <Baseline points="283,2323 488,2336"/>
        <TextEquiv>
          <Unicode>NEW YORK</Unicode>
        </TextEquiv>
      </TextLine>

    
    </TextRegion>
    
  </Page>
</PcGts>
