<?xml version="1.0" encoding="UTF-8"  standalone="yes"?>
<PcGts xmlns="http://schema.primaresearch.org/PAGE/gts/pagecontent/2019-07-15" xmlns:xsi="http://www.w3.org/2001/XMLSchema-instance" xsi:schemaLocation="http://schema.primaresearch.org/PAGE/gts/pagecontent/2019-07-15 http://schema.primaresearch.org/PAGE/gts/pagecontent/2019-07-15/pagecontent.xsd">
  <Metadata>
	<Creator>escriptorium</Creator>
	<Created>2021-03-18T09:57:21.654759+00:00</Created>
    <LastChange>2021-03-18T09:57:21.654780+00:00</LastChange>
  </Metadata>
  <Page imageFilename="P1190909.JPG" imageWidth="1920" imageHeight="2560">

    

    
    <TextRegion id="eSc_dummyblock_">
    
    
      <TextLine id="eSc_line_242883" >
        <Coords points="889,211 893,187 1019,183 1047,194 1094,174 1122,204 1143,185 1198,187 1226,211 1230,228 1222,268 1196,275 1186,262 1122,262 1107,270 1094,260 1077,268 1043,260 1032,270 940,260 917,281 889,268"/>
        <Baseline points="889,211 1230,228"/>
        <TextEquiv>
          <Unicode>LETTRE N° 604.</Unicode>
        </TextEquiv>
      </TextLine>

    
    
      <TextLine id="eSc_line_242890" >
        <Coords points="234,371 238,337 264,330 356,341 366,371 358,448 332,422 292,411 260,413 238,433"/>
        <Baseline points="234,371 366,371"/>
        <TextEquiv>
          <Unicode>SENAT</Unicode>
        </TextEquiv>
      </TextLine>

    
    
      <TextLine id="eSc_line_242884" >
        <Coords points="1105,499 1107,452 1115,443 1162,452 1177,441 1218,456 1239,441 1248,450 1273,448 1303,428 1344,458 1431,452 1446,467 1461,452 1504,454 1516,441 1531,454 1591,456 1649,433 1674,450 1681,507 1674,537 1666,539 1657,531 1627,537 1559,526 1540,539 1491,522 1341,526 1307,507 1280,533 1262,516 1224,518 1211,531 1160,522 1107,533"/>
        <Baseline points="1105,499 1233,497 1258,501 1309,501 1356,505 1681,507"/>
        <TextEquiv>
          <Unicode>LE MANS, 8 Janvier 1920.</Unicode>
        </TextEquiv>
      </TextLine>

    
    
      <TextLine id="eSc_line_242885" >
        <Coords points="1222,541 1226,518 1262,516 1280,533 1314,512 1371,531 1399,520 1486,522 1497,533 1514,529 1521,544 1514,584 1454,580 1429,588 1408,576 1388,586 1350,586 1322,569 1305,584 1224,582"/>
        <Baseline points="1222,541 1280,539 1333,544 1521,544"/>
        <TextEquiv>
          <Unicode>37 rue Ducré.</Unicode>
        </TextEquiv>
      </TextLine>

    
    
      <TextLine id="eSc_line_242886" >
        <Coords points="652,693 654,648 691,650 718,678 736,665 793,665 814,678 842,667 861,680 876,669 904,680 917,667 985,667 1013,691 1036,689 1085,650 1109,644 1171,665 1209,644 1237,669 1260,665 1282,676 1307,665 1320,678 1344,665 1378,682 1397,680 1403,699 1397,729 1371,738 1177,733 1083,744 861,736 849,744 782,733 736,740 723,729 654,736"/>
        <Baseline points="652,693 962,693 1079,699 1403,699"/>
        <TextEquiv>
          <Unicode>L&#39;ASSAUT GÉNÉRAL.</Unicode>
        </TextEquiv>
      </TextLine>

    
    
      <TextLine id="eSc_line_242887" >
        <Coords points="546,770 550,750 578,755 614,740 682,742 695,755 718,740 770,753 789,742 842,744 861,755 876,744 981,740 1002,761 1019,744 1064,740 1201,744 1213,755 1228,744 1405,738 1429,750 1446,744 1463,761 1501,757 1506,782 1499,821 1486,829 1461,817 1442,827 1399,817 1384,829 1373,819 1361,829 1348,819 1305,823 1297,814 1252,825 1243,817 1124,817 1094,829 1081,817 1043,814 1017,829 1004,817 960,827 872,819 857,827 838,812 810,827 795,817 763,823 753,814 725,827 712,814 686,821 678,812 663,819 597,810 567,810 548,825"/>
        <Baseline points="546,770 819,770 904,776 1107,776 1198,780 1480,778 1506,782"/>
        <TextEquiv>
          <Unicode>- FAIS CE QUE DOIS; ADVIENNE QUE POURRA.-</Unicode>
        </TextEquiv>
      </TextLine>

    
    
      <TextLine id="eSc_line_242888" >
        <Coords points="992,966 994,930 1030,930 1073,951 1094,936 1132,945 1156,936 1184,949 1209,934 1239,940 1260,925 1288,942 1363,951 1369,968 1363,994 1346,1009 1314,996 1209,1004 1181,987 1149,1009 1073,989 1024,1002 994,996"/>
        <Baseline points="994,968 1256,966 1370,970"/>
        <TextEquiv>
          <Unicode>Mon cher Butler,</Unicode>
        </TextEquiv>
      </TextLine>

    
    
      <TextLine id="eSc_line_242889" >
        <Coords points="667,1162 669,1128 695,1126 721,1143 740,1124 772,1134 789,1117 823,1134 861,1134 872,1126 904,1147 930,1132 968,1137 989,1128 1019,1137 1117,1132 1134,1149 1154,1132 1169,1132 1205,1145 1256,1120 1275,1134 1305,1126 1320,1134 1350,1126 1373,1137 1450,1128 1523,1143 1542,1130 1589,1152 1642,1126 1666,1137 1710,1128 1725,1141 1745,1141 1753,1158 1749,1179 1710,1194 1608,1192 1595,1179 1576,1192 1540,1194 1523,1177 1495,1192 1410,1179 1393,1192 1333,1184 1305,1194 1254,1181 1243,1192 1203,1186 1164,1198 1132,1186 1098,1196 1075,1188 936,1192 908,1177 842,1198 825,1186 776,1194 727,1181 699,1196 672,1186"/>
        <Baseline points="669,1164 1754,1160"/>
        <TextEquiv>
          <Unicode>Un instant seulement je m&#39;arrête dans la résis-</Unicode>
        </TextEquiv>
      </TextLine>

    
    
      <TextLine id="eSc_line_242891" >
        <Coords points="260,1239 264,1209 281,1203 330,1213 364,1198 392,1222 428,1207 520,1211 537,1198 563,1213 635,1209 654,1220 686,1203 721,1216 740,1207 782,1213 795,1205 817,1222 842,1205 891,1211 917,1190 974,1218 1045,1205 1053,1213 1122,1207 1149,1216 1175,1203 1192,1218 1239,1213 1252,1222 1286,1192 1326,1213 1371,1213 1388,1201 1403,1213 1484,1207 1544,1216 1595,1203 1655,1220 1670,1207 1721,1213 1736,1201 1742,1239 1736,1267 1672,1269 1657,1256 1627,1271 1557,1262 1469,1267 1454,1254 1435,1271 1331,1271 1297,1256 1275,1273 1248,1260 1213,1275 1184,1258 1096,1275 1066,1265 1026,1271 979,1262 861,1271 812,1256 795,1271 744,1271 723,1258 706,1269 646,1262 627,1275 608,1267 546,1273 473,1265 422,1273 394,1256 375,1271 283,1273 264,1258"/>
        <Baseline points="260,1239 1742,1239"/>
        <TextEquiv>
          <Unicode>tance circulaire et les contre-attaques de j’oppose sur tous les</Unicode>
        </TextEquiv>
      </TextLine>

    
    
      <TextLine id="eSc_line_242900" >
        <Coords points="273,1316 277,1286 416,1292 433,1280 467,1299 520,1288 561,1301 573,1290 627,1282 676,1292 746,1284 761,1292 825,1292 836,1303 861,1286 900,1294 921,1286 1049,1288 1066,1297 1094,1282 1156,1297 1179,1286 1346,1284 1384,1303 1410,1288 1531,1288 1550,1275 1625,1305 1651,1286 1708,1288 1732,1312 1715,1344 1659,1346 1638,1337 1612,1352 1570,1341 1550,1358 1506,1348 1376,1352 1361,1341 1350,1350 1294,1341 1277,1356 1098,1352 1077,1335 1028,1358 957,1348 921,1358 836,1356 804,1354 791,1344 776,1356 750,1346 738,1358 678,1363 635,1356 614,1339 578,1358 552,1337 509,1339 471,1363 420,1341 384,1358 347,1356 317,1341 277,1346"/>
        <Baseline points="275,1318 1733,1314"/>
        <TextEquiv>
          <Unicode>points à mes adversaires de toutes les paroisses coalisées. Ils</Unicode>
        </TextEquiv>
      </TextLine>

    
    
      <TextLine id="eSc_line_242892" >
        <Coords points="270,1390 277,1369 332,1369 343,1358 477,1365 492,1356 546,1361 558,1350 610,1369 635,1356 689,1363 746,1352 881,1354 906,1367 957,1352 1006,1354 1019,1365 1041,1352 1237,1352 1265,1363 1282,1358 1314,1390 1326,1390 1367,1350 1420,1352 1446,1371 1478,1350 1508,1350 1521,1358 1527,1388 1521,1416 1467,1416 1454,1403 1433,1422 1356,1416 1335,1395 1322,1395 1299,1418 1256,1414 1237,1422 1192,1416 1079,1425 1064,1412 989,1425 953,1412 915,1422 881,1414 832,1420 819,1412 793,1420 663,1422 642,1420 629,1408 614,1420 576,1422 561,1414 494,1429 456,1420 443,1408 428,1422 307,1422 283,1431 273,1422"/>
        <Baseline points="270,1390 1474,1395 1527,1388"/>
        <TextEquiv>
          <Unicode>sonnent déjà le hallali et ma mort politique. Trop tôt</Unicode>
        </TextEquiv>
      </TextLine>

    
    
      <TextLine id="eSc_line_242893" >
        <Coords points="275,1474 279,1444 307,1446 326,1429 345,1433 354,1425 364,1433 422,1433 435,1422 462,1435 565,1431 586,1446 610,1425 642,1431 652,1422 682,1433 780,1427 795,1440 827,1425 983,1422 998,1437 1015,1422 1062,1420 1102,1425 1113,1435 1164,1425 1184,1437 1198,1422 1337,1418 1361,1435 1395,1418 1435,1435 1452,1422 1533,1427 1578,1412 1649,1422 1661,1433 1681,1418 1700,1420 1706,1465 1693,1495 1649,1497 1634,1486 1617,1497 1585,1497 1572,1489 1548,1510 1416,1510 1384,1495 1373,1506 1280,1510 1224,1510 1203,1495 1190,1508 1156,1508 1137,1493 1111,1512 904,1512 887,1499 868,1516 763,1510 753,1521 680,1514 659,1499 637,1516 578,1510 544,1518 526,1510 488,1518 465,1516 450,1504 433,1518 347,1521 326,1518 298,1499 279,1512"/>
        <Baseline points="275,1474 403,1469 1608,1472 1706,1465"/>
        <TextEquiv>
          <Unicode>peut-être.. C&#39;est un spectacle édifiant, en ce moment où la</Unicode>
        </TextEquiv>
      </TextLine>

    
    
      <TextLine id="eSc_line_242894" >
        <Coords points="256,1546 275,1518 309,1516 405,1521 418,1531 433,1518 477,1516 514,1533 533,1521 588,1518 608,1529 616,1521 665,1516 733,1518 748,1531 770,1514 814,1529 829,1516 915,1516 930,1529 972,1512 1011,1521 1111,1514 1132,1527 1158,1510 1205,1510 1245,1523 1256,1512 1277,1512 1312,1523 1350,1508 1420,1514 1429,1523 1440,1514 1572,1514 1593,1536 1589,1574 1472,1572 1433,1561 1354,1568 1318,1557 1303,1572 1271,1572 1245,1553 1226,1570 1171,1568 1162,1576 1130,1561 1028,1578 1013,1570 942,1572 930,1561 908,1574 834,1572 817,1559 797,1578 768,1578 750,1561 727,1576 680,1580 605,1568 548,1580 524,1580 514,1570 441,1578 420,1568 371,1582 328,1574 279,1580 260,1561"/>
        <Baseline points="258,1548 1154,1546 1228,1542 1568,1542 1595,1536"/>
        <TextEquiv>
          <Unicode>France n&#39;a pas assez de bons citoyens pour la bien servir.</Unicode>
        </TextEquiv>
      </TextLine>

    
    
      <TextLine id="eSc_line_242895" >
        <Coords points="657,1617 665,1593 712,1595 727,1585 785,1610 808,1587 876,1595 1070,1591 1107,1606 1126,1591 1175,1582 1209,1591 1224,1578 1235,1589 1260,1580 1273,1593 1294,1576 1339,1591 1363,1585 1444,1593 1465,1610 1491,1587 1542,1602 1553,1593 1659,1585 1693,1591 1704,1582 1723,1614 1717,1655 1672,1644 1572,1649 1540,1634 1529,1644 1504,1646 1472,1636 1452,1653 1314,1638 1303,1646 1277,1644 1267,1634 1254,1646 1230,1642 1213,1651 1122,1644 1111,1634 1083,1653 919,1646 908,1657 896,1644 883,1655 857,1644 840,1653 793,1636 765,1657 748,1649 659,1651"/>
        <Baseline points="659,1619 693,1625 1000,1625 1036,1621 1254,1619 1282,1614 1640,1621 1724,1617"/>
        <TextEquiv>
          <Unicode>Mais, heureusement, malgré l&#39;hiver, le mauvais</Unicode>
        </TextEquiv>
      </TextLine>

    
    
      <TextLine id="eSc_line_242897" >
        <Coords points="264,1696 277,1670 313,1672 334,1657 356,1672 386,1668 416,1689 439,1666 465,1661 516,1681 541,1661 569,1672 644,1672 665,1657 689,1674 701,1666 721,1678 740,1664 817,1666 840,1676 868,1664 1011,1668 1030,1685 1062,1653 1079,1668 1107,1657 1134,1676 1152,1664 1201,1666 1224,1655 1233,1664 1275,1661 1292,1674 1307,1659 1350,1651 1380,1664 1437,1664 1454,1653 1476,1666 1504,1666 1516,1678 1533,1664 1570,1661 1587,1691 1580,1715 1563,1723 1533,1719 1518,1706 1499,1719 1410,1719 1305,1715 1292,1704 1262,1723 1237,1715 1154,1719 1132,1708 1070,1723 1045,1713 1026,1730 987,1719 881,1725 849,1717 827,1728 733,1717 701,1732 691,1721 537,1730 512,1717 454,1730 426,1717 405,1734 366,1725 354,1736 339,1725 288,1728 268,1710"/>
        <Baseline points="266,1696 339,1702 586,1702 616,1698 827,1696 887,1691 1588,1693"/>
        <TextEquiv>
          <Unicode>temps, les journées trop courtes, les routes défoncées et</Unicode>
        </TextEquiv>
      </TextLine>

    
    
      <TextLine id="eSc_line_242901" >
        <Coords points="268,1770 285,1747 433,1747 452,1736 503,1745 533,1766 567,1738 610,1753 657,1740 686,1747 699,1736 723,1753 744,1742 800,1742 814,1755 842,1738 957,1738 983,1742 1009,1766 1036,1740 1092,1751 1107,1740 1286,1732 1335,1764 1373,1734 1450,1734 1474,1749 1495,1738 1540,1742 1565,1755 1587,1742 1651,1736 1666,1740 1685,1768 1678,1787 1644,1813 1563,1785 1504,1800 1474,1785 1463,1794 1382,1796 1350,1768 1316,1792 1105,1794 1090,1785 1060,1798 1032,1794 1011,1774 979,1802 851,1794 838,1800 817,1785 750,1804 667,1794 625,1800 605,1789 565,1804 539,1794 524,1804 386,1798 330,1806 273,1792"/>
        <Baseline points="270,1772 331,1776 535,1779 567,1774 646,1774 753,1768 1686,1770"/>
        <TextEquiv>
          <Unicode>empierrées, je n&#39;ai pas faibli ; au contraire. Quel que soit</Unicode>
        </TextEquiv>
      </TextLine>

    
    
      <TextLine id="eSc_line_242903" >
        <Coords points="264,1847 275,1817 334,1828 373,1821 384,1811 411,1821 522,1815 541,1832 586,1809 648,1821 721,1813 789,1832 817,1811 861,1828 889,1809 915,1813 923,1804 940,1815 1026,1809 1038,1819 1064,1806 1083,1817 1117,1813 1132,1826 1160,1806 1198,1824 1222,1811 1356,1809 1397,1817 1416,1802 1446,1824 1467,1811 1512,1824 1540,1811 1638,1819 1678,1843 1672,1870 1640,1881 1619,1870 1540,1873 1516,1860 1495,1870 1416,1866 1401,1853 1371,1870 1230,1864 1175,1890 1164,1879 1041,1883 1024,1868 998,1888 883,1885 866,1870 849,1888 682,1888 663,1870 650,1883 595,1892 492,1883 381,1892 362,1875 332,1898 313,1888 268,1890"/>
        <Baseline points="266,1849 317,1845 1681,1845"/>
        <TextEquiv>
          <Unicode>le résultat, Dimanche, je n’aurai pas de reproche à me faire.</Unicode>
        </TextEquiv>
      </TextLine>

    
    
      <TextLine id="eSc_line_242896" >
        <Coords points="281,1920 283,1894 294,1890 337,1905 386,1894 407,1907 428,1892 505,1892 520,1905 539,1892 622,1892 637,1883 663,1898 731,1888 744,1898 761,1888 834,1888 859,1898 876,1885 947,1894 955,1885 1021,1883 1073,1892 1085,1885 1111,1902 1126,1888 1175,1896 1226,1877 1269,1892 1284,1883 1356,1892 1420,1885 1472,1911 1450,1947 1299,1937 1228,1947 1175,1934 1166,1943 1128,1945 1107,1928 1088,1945 1043,1941 1032,1952 1013,1941 970,1949 949,1930 921,1947 836,1941 795,1964 697,1962 618,1977 584,1949 537,1954 518,1934 505,1947 469,1954 441,1945 426,1960 407,1941 349,1949 337,1937 320,1954 309,1945 283,1947"/>
        <Baseline points="283,1920 661,1924 693,1920 981,1917 1006,1913 1474,1913"/>
        <TextEquiv>
          <Unicode>Je me suis porté sur tous les points du Département.</Unicode>
        </TextEquiv>
      </TextLine>

    
    
      <TextLine id="eSc_line_242902" >
        <Coords points="674,1990 676,1964 699,1962 842,1964 885,1954 938,1962 962,1952 987,1977 1015,1956 1096,1964 1115,1947 1145,1973 1166,1952 1209,1960 1235,1958 1250,1945 1350,1969 1384,1954 1478,1962 1491,1949 1510,1966 1563,1960 1610,1977 1625,1966 1657,1969 1668,1958 1696,1973 1710,1958 1725,1958 1772,1988 1783,1981 1789,2005 1781,2035 1753,2028 1732,2037 1715,2024 1619,2024 1604,2009 1587,2024 1563,2024 1508,2011 1371,2013 1356,2001 1337,2013 1301,2011 1288,2001 1271,2016 1235,2009 1207,2018 1166,2013 1156,2003 1134,2024 1102,2013 1015,2018 998,2007 977,2026 921,2013 864,2020 840,2009 797,2022 714,2018 704,2007 676,2018"/>
        <Baseline points="676,1992 1425,1990 1565,1996 1649,1996 1674,2001 1790,2007"/>
        <TextEquiv>
          <Unicode>J’aurai lutté, lutté, lutté de toutes mes forces,</Unicode>
        </TextEquiv>
      </TextLine>

    
    
      <TextLine id="eSc_line_242898" >
        <Coords points="273,2069 283,2045 322,2035 386,2050 437,2030 480,2052 499,2039 550,2033 578,2043 652,2048 676,2033 864,2033 885,2048 902,2033 932,2026 1024,2037 1049,2022 1070,2039 1120,2026 1173,2035 1192,2022 1237,2041 1292,2024 1318,2035 1390,2033 1408,2020 1440,2048 1459,2033 1493,2037 1504,2026 1525,2041 1589,2035 1627,2056 1642,2043 1700,2041 1736,2048 1770,2080 1764,2107 1751,2114 1685,2099 1657,2116 1627,2094 1587,2101 1559,2084 1540,2101 1527,2092 1491,2097 1444,2086 1429,2097 1408,2088 1393,2101 1365,2084 1339,2094 1248,2084 1211,2101 1171,2080 1141,2103 1115,2088 1105,2097 1092,2090 1075,2105 1053,2088 1006,2099 992,2088 964,2088 947,2097 885,2080 836,2109 814,2090 761,2092 744,2105 729,2092 686,2097 659,2084 646,2094 582,2092 567,2101 514,2092 460,2103 390,2094 309,2103 277,2092"/>
        <Baseline points="275,2071 305,2067 1582,2067 1698,2080 1771,2080"/>
        <TextEquiv>
          <Unicode>avec mon drapeau hautement déployé pour la liberté, pour la paix,</Unicode>
        </TextEquiv>
      </TextLine>

    
    
      <TextLine id="eSc_line_242899" >
        <Coords points="85,2293 87,2220 117,2205 183,2263 206,2242 256,2265 281,2250 320,2259 347,2246 362,2259 448,2259 467,2244 488,2259 552,2246 571,2261 622,2237 640,2254 657,2246 674,2257 699,2246 721,2254 768,2252 782,2244 814,2259 855,2246 874,2227 900,2250 928,2252 955,2227 979,2248 1017,2237 1032,2248 1045,2237 1053,2246 1090,2240 1128,2259 1154,2252 1160,2276 1156,2314 1122,2304 1081,2306 1056,2327 1011,2304 987,2306 962,2323 919,2304 889,2314 829,2312 817,2304 804,2316 785,2306 746,2323 706,2310 678,2325 627,2310 597,2321 586,2312 571,2323 520,2310 484,2340 445,2318 430,2325 388,2310 379,2318 364,2314 349,2329 320,2310 279,2323 234,2316 217,2329 200,2321 187,2333 172,2321 89,2321"/>
        <Baseline points="87,2295 563,2291 1162,2278"/>
        <TextEquiv>
          <Unicode>à Monsieur le Président Nicholas Murray BUTLER.</Unicode>
        </TextEquiv>
      </TextLine>

    
    </TextRegion>
    
  </Page>
</PcGts>
