1920 2560
902 115 1066 187 - 16 -
194 245 1826 392 nommera son député ; c'est l’ensemble des arrondissements du Dépar-
189 339 1736 469 tement qui, formant une liste commune, nommeront un ensemble de
189 418 1736 554 Députés ; c’est dans la Sarthe cinq arrondissements et non plus
181 509 1698 631 un seul qui devront nommer M. Caillaux pour qu'il soit élu. Le
194 584 1728 716 voilà donc privé du bénéfice de la fidélité de s électeurs qui
185 665 1751 791 l'ont choisi, éprouvé depuis vingt années ; le voilà livré à l'i-
185 753 1772 881 gnorance relative, sinon aux préventions des autres qui ne le con-
185 832 1764 968 naissent que par les calomnies de la presse gouvernementale. Son
181 906 1700 1045 échec, au scrutin de liste, est donc probablement aussi certain
181 987 1318 1117 qu'était son succès au scrutin d’arrondissement.
629 1083 1768 1218 Et je ne dis rien de l'angoisse qui pèse (s)ur les
168 1145 1734 1294 consciences des bons citoyens qui ne savent pas et ne peuvent pas
172 1233 1721 1367 savoir, faute d'un jugement qu’on ajourne à dessein, s’ils ont ou
162 1305 1704 1446 non élu un traître. - Je ne pouvais rester indifférent, dans mon
168 1382 1704 1521 pays natal, à cette angoisse et c’est parce que j’en suis ému que
160 1454 1708 1600 je trouve au cours de mon voyage dans le Département un accueil et
160 1542 1719 1678 des empathies particulièrement cordiales, même dans les plus mau-
151 1612 1751 1764 vais coins, même au Mans, et même à La Flèche, par où je terminerai.
595 1715 1676 1845 J'ai quitté Mamers vers 4 heures, pour gagner
151 1772 1698 1913 Marolles les Brault, puis Ballon, dont le vieux château domine une
153 1845 1595 1986 incomparable vallée de richesse, un vrai pays de Chanaan. De
140 1924 1691 2067 Ballon, je su(i)s allé dîner et coucher à Bonnétable, - célèbre par le
142 1992 1610 2131 beau château des ducs de La Rochefoucault, - chez un ami dont le
153 2071 1649 2212 fils a été tué.- Le lendemain le mauvais temps n’est plus qu’un
147 2150 1666 2301 souvenir ; il ne dure jamais en France ; le ciel est de nouveau et
