1920 2560
953 149 1100 234 - 3 -
554 328 1828 452 L'agent voyer en chef du Département, touchait 10.000
256 396 1768 531 francs ; il en touchera 18.500, et encore cette augmentation est
258 488 1736 610 relativement moindre que celle de ses subordonnés. Les agents-
249 563 1719 684 voyers d'arrondissement , qui touchaient 6.000 frs en touchent
243 644 1706 759 12.000 : juste le double. Et ainsi de suite ; voyez le tableau.
567 733 1704 836 Le total se chiffre par des millions et des mil-
253 800 1777 930 lions, à multiplier par le chiffre de tous nos départements, sans
249 887 744 974 compter nos colonies.
586 1154 1721 1267 Mais on ££n££e sait toujours pas avec quoi la France
247 1245 1619 1337 va payer toutes ces dépenses, toutes ces dettes, toutes ces
249 1322 1696 1418 augmentations, tous ces travaux, car il faudra finalement doter
249 1395 1728 1497 nos services d 'autre chose que des dépenses de traitements ; il
260 1467 1689 1572 faudra du matériel, des machines, etc.. etc... En principe, les
249 1548 1670 1642 traitements du personnel devraient être insignifiants comparés
253 1619 1655 1717 aux dépenses des travaux ou des entreprises dont ce personnel
245 1693 1689 1794 est chargé. Je n'essaierai pas de faire le total des deux cha-
251 1768 1058 1856 pitres ; c'est à en perdre la tête.
584 1843 1602 1937 Je me lasse même d'y penser ; je ne puis plus
245 1911 1689 2013 compter, concevoir ce que représentent tous ces milliards... Et
245 1988 1659 2090 je ne crois pas me tromper en disant que, si personne n’en fait
251 2056 1678 2156 l’humble aveu comme moi, tout le monde est plus ou moins dans le
260 2124 1732 2269 même cas. Nous en sommes arrivé à évaluer aujourd'hui nos dépen-
1649 2216 1734 2274 ses
