1920 2560
942 160 1141 241 - 4 -
192 298 1738 416 puis à Sillé-le-Guillaume. ££à c’est un changement de décor. La
200 390 1749 499 douce vallée du Loir, et celle de la Sarthe ont fait place à des
196 477 1728 582 panoramas qui seraient majestueux si les collines et les vallons
187 544 1774 669 n’étaient, à l'infini, divisés en touves petites propriétés.... Il
183 635 1749 746 n'y a pas d'habitants ! semble-t-il. On ne voit que de la culture.
181 716 1664 814 Mais une culture si soignée, si raffinée qu'on se rend compte
181 797 1734 904 des convoitises qu’un pareil pa(y)s peut inspirer à ses voisins sur-
192 868 1706 992 peuplés. Le vieux château gothique, aux donjons encore intacts,
183 957 1698 1062 par bonheur, domine toute la région jusqu'au département voisins,
187 1034 1723 1141 la Mayenne, dont les lignes bleues sont un appel. Loin de perdre
181 1117 1736 1224 de sa valeur, la terre a augmenté du double et du triple depuis la
172 1198 1719 1292 guerre ; les notaires que je rencontre me disent qu’ils ont vendu
181 1273 1700 1373 pour des millions de fermes. La propriété seigneuriale qui était
183 1344 1704 1452 passée peu à peu, presque toute, aux mains des bourgeois, devient
172 1433 1646 1531 paysanne ; nombre de fermiers dépossèdent leurs propriétaires,
170 1510 1678 1610 lesquels ne savent pas, eux, et ne peuvent pas faire valoir leur
172 1589 1721 1687 bien par leur travail. C'est le travail qui est ici le conquérant.
183 1664 1674 1768 Et c’est pourquoi on dit que la campagne ne sera pas socialiste ;
174 1742 1687 1836 C’est pourquoi, en tous cas, elle ne sera pas révolutionnaire. On
168 1821 1721 1915 en abuse, dans les milieux conservateurs pour opposer les campagnes
160 1896 1621 1988 aux villes, les paysans qui sont restés cinq ans dans les tran-
164 1962 1653 2058 chées aux ouvriers mis en sursis dans les chemins de fer et dans
170 2043 1715 2146 les usines. Grave conflit qu'il faudrait prévenir et non envenimer.
629 2114 1632 2205 Je quitté Sillé après avoir fait compléter,
177 2190 1621 2259 par des mains amies, comme je le ferai tout le long de la route,
