1920 2560
942 57 1286 196 LETTRE N° 600
234 253 469 413 SÉNAT
1179 330 1751 439 PARIS, 15 Décembre 1919.
893 552 1216 633 NOUVEL ECHEC.
529 625 1640 721 LES ÉLECTIONS au CONSEIL GÉNÉRAL.- JE SUIS BATTU.
740 706 1401 797 LE TRIOMPHE DE LA RÉACTION .
1000 881 1363 970 Mon cher Butler,
676 1026 1785 1132 Le mot célèbre de Beaumarchais devient plus vrai
313 1113 1710 1218 de jour en jour: Calomniez ! Calomniez ! Il en restera toujours
320 1220 644 1286 quelque chose.
674 1260 1813 1356 La calomnie souterraine, inavouée, désavouée même
332 1344 1696 1435 mais continuelle, persistante, depuis la guerre, a eu raison
332 1418 1760 1514 devant mes électeurs du canton du Lude, comme devant ceux de ma
315 1493 1798 1580 commune de Clermont-Créans, de mes services éprouvés depuis vingt
339 1568 1747 1655 années. J'ai été battu à Clermont, pour ainsi dire sans adver-
322 1640 1764 1738 saire, par une coalition anonyme agissant de Paris, du Mans, de
341 1719 1772 1811 la Flèche ; et de/même hier, au Lude, où j’avais pourtant pris mes
324 1794 1715 1885 précautions, parlé au peuple, appelé la contradiction. Peine
352 1856 1798 1960 perdue. Mon adversaire, le comte de Nicolay, gende du Marquis de
341 1934 1858 2033 Talhouet, neveu ou cousin des Schneider du Creuzot, a triomphé sans
330 2007 1751 2103 frais d'éloquence, par ses agents, par des circulaires infâmes,
352 2080 1774 2184 non signées, dont il a d’ailleurs refusé de prendre la responsa-
347 2158 1843 2263 bilité devant moi et qui me dénonçaient come un imbécile ou comme
153 2237 1198 2361 à Monsieur le Président Nicholas Murray BUTLER.
