1920 2560
921 49 1098 119 - 26 -
149 145 1747 343 à Château-du-Loir, puis à Vaas, puis à Aubigné, puis au Lude et
155 260 1614 403 chez moi enfin où je rentre quand même à l'heure du dîner.
1041 486 1489 588 2 Octobre 1919.
486 571 1792 712 Le surlendemain je suis à Paris ; je me rends compte
140 642 1751 785 que le traité de Paix va enfin être approuvé par la Chambre ; il
142 725 1755 876 sera voté la semaine prochaine par le Sénat. J'ai juste le temps
136 810 1708 953 de retourner au Mans où La Ligue des Droits de l'Homme m'a fait
134 893 1646 1038 promettre de lui faire, le Samedi 4, une conférence, et où je
145 972 1657 1113 surveille les progrès de notre monument Wilbur Wright tout en
136 1053 1700 1198 préparant mon installation matérielle pour la période électorale
149 1139 1755 1284 imminente. Du Mans, je retourne à Créans puis, le lendemain matin
142 1222 1640 1356 je préside mon conseil Municipal à Clermont-Créans et je mets
134 1303 1580 1431 la dernière main aux préparatifs de l'inauguration de notre
134 1386 1708 1521 monument aux morts de la guerre. Cela fait, j'arrive à La Flèche
134 1457 1683 1595 où j'ai, malgré tout, réussi à réorganisér le Comice Agricole du
132 1542 1674 1681 canton. C'est le Dimanche, 5 octobre. M'y voici. Et c’est par
130 1617 1512 1757 là que je termine et que je boucle mon tour de la Sarthe.
477 1706 1657 1832 La Flèche est, comme vous savez, la plus réaction-
128 1777 1617 1913 naire de toutes les villes du département, après ma commune de
128 1858 1621 1994 Clermont-Créans sa digne voisine. Mais comme La Flèche est ma
128 1932 1612 2060 ville natale, je ne puis en désespérer. Et c'est justice. La
132 2003 1713 2146 Flèche est une ville de vieux retraités, de rentiers. de séminaires,
128 2090 1638 2218 de couvents, et par conséquent de bigotes. L'école militaire du
125 2158 1570 2304 Prytanée y entretient, en outre, le plus détestable esprit de
113 2248 1634 2378 caste. C'est charmant de voir ces enfants et ces jeunes gens en
