1920 2560
889 121 1017 213 - 2 -
172 283 1721 398 Donc il faut relever les traitements des fonctionnaires départe-
189 381 1755 480 mentaux et ceux des agents communaux, dans la même proportion que
172 467 1666 558 ceux des fonctionnaires de l'Etat. On se rend bien compte du
189 546 1740 637 fardeau qui résultera de ces accroissements pour le contribuable,
185 622 1751 721 quand on suit ce que font, dans cet ordre d’idées, nos assemblées
200 708 1696 802 départementales. Le Conseil Général de la Sarthe, par exemple,
196 791 1681 889 vient d'être convoqué en session extraordinaire pour fixer les
198 872 778 970 augmentations à décider.
648 940 1755 1026 Le travail était si insuffisamment préparé que
192 1021 1627 1111 notre assemblée, consciencieuse quoique peu laborieuse, dans
192 1100 1766 1186 l'ensemble, a renvoyé la solution à une session ultérieure, malgré
196 1169 1721 1265 l'urgence. Ce travail était, à la vérité, d'une complexité inex-
226 1250 1723 1344 tricable ; chaque augmentation ayant pour conséquence un accrois-
206 1322 1770 1425 sement de retraite, à calculer, et, d’autre part, une répercussion
224 1399 1715 1495 sur les traitements inférieurs. Ainsi, on ne peut augmenter les
213 1478 1674 1576 traitements des agents voyers et ajourner le réglement de leurs
230 1550 1721 1651 sous-agents, des cantonniers par exemple, qui sont très nombreux.
684 1629 1710 1723 Or, d'après les tableaux d’augmentations qui
215 1700 1666 1802 avaient été dressés pour éclairer nos débats, et dont voici un
230 1787 1621 1879 échantillon, d’ailleurs médiocre, vous pourrez toucher sur le
224 1851 1745 1954 vif ce que, -en outre des deuils, de la diminution de la natalité,
226 1926 1766 2026 des destructions irréparables et des hymalayas de dettes suspendues
238 2001 1749 2105 sur nos têtes,- ce que va représenter, pour le contribuable, cette
238 2075 1649 2178 inondation souterraine d'augmentation de tous les traitements.
