1920 2560
930 49 1070 130 - 8 -
209 200 1836 326 importante, et je me rendis à la mairie où le banquet était pré-
211 281 1794 411 paré, exactement comme avant la guerre, plus d'une centaine de
200 364 1787 529 convives, malgré le temps et les circonstances si défavorables.
209 458 1813 586 Des allocutions cordiales furent échangées et je m'excusai de ne
194 546 1772 674 pouvoir prendre place à table. On m’attendait au chef-lieu de
192 610 1843 768 l’arrondissement, à Mamers, pour présider une fête semblable, mais
196 712 1813 849 plus imposante et doublée d'un vin d’honneur offert par la Muni-
192 793 1819 934 cipalité aux soldats démobilisés rentrés à leurs foyers. C'était
183 870 1824 1017 en grand, la même cérémonie de celle que j’avais organisée, le 14,
192 962 1787 1092 dans ma commune de Clermont-Créans. Malgré la pluie, grâce à la
179 1032 1813 1184 marche parfaite de mon auto, je franchis cette nouvelle étape avec
187 1113 1796 1267 une régularité chronométrique, laissant la grande route d'Alençon
194 1184 1787 1344 et(c)celle de la belle forêt de Perseigne pour couper ou plus court,
192 1286 1333 1440 par ces jolis villages aux vieux noms parlants.
166 1371 1655 1540 Chérisay, Bourg-le-Roy, Louvigny, ou Rouessé-Fontaine, Saint-
1290 1371 1764 1472 : le petit Oisseau,
160 1457 1681 1625 Rémy-du-Plein, Saint-Rémy-des-Ponts. Je ne sais pourquoi, les
142 1548 1700 1702 noms de tout ce coin du département sont pleins d’histoire et de
149 1621 1693 1783 poésie: Pré en Pail, la Pooté, Mieuxé, Héloup, Champleur, Saint-
140 1706 1646 1860 Rigormer-des-Bois, Marollette, Douillet-le-Joly, Montreuil-le-
140 1772 1676 1937 Chétif, Saint-Léonard-des-Bois, Saint-Oneu-de-Mé, Saint-Paul-le-
132 1862 1691 2018 Gandelin, Saint-Pierre-des-Ormes, Saint-Vincent-des-Prés, Saint-
132 1939 1625 2094 Christophe-du-Jambet, Boucelles, Saint-Germain-de-la-Coudre,
151 2013 1777 2167 Bonnétable, Saint-Georges-du-Rocay, Rouperoux-le-Coquet, la Chapelle
132 2084 1706 2246 des-Bois, Saint-Martin-des-Monts, Saint-Aubin de Loquenay, Saint-
132 2158 1608 2316 Ouen-de-Mimbré, Greez-sur-Roc, Saint-Jean-des-Echelles, Saint-
134 2237 1696 2389 Hilaire-le-Lierru, ...... Le charme surprenant de ce pays est sa
136 2310 1561 2459 variété, sa fraicheur, en même temps que l’ancienneté partout
