1920 2560
974 170 1107 249 - 2 -
339 322 1427 428 contre le mensonge, l'égoïsme, l'oppression.
778 396 1894 505 Si je tombe, je tomberai droit et ma défaite, -
326 497 1736 593 selon le mot de mes amis indignés,- surtout les petits, -
341 582 1915 697 "fera le désespoir des républicains". Leur revanche ne tardera
326 680 1316 768 pas ; mais à quel prix, pour mon pays ?
778 748 1836 840 Vive la France, mon cher Butler et vive la
334 829 1806 925 Paix. En avant! Plutôt mourir que faiblir ! Et à Dimanche
343 928 974 1021 soir, "dessus ou dessous".
881 1032 1749 1124 Pour M. d'ESTOURNELLES de CONSTANT,
992 1092 1563 1173 retenu dans la Sarthe :
164 1309 1757 1431 P.S,- Ci-joint, avec un specimen des manœuvres de la dernière
390 1371 1811 1457 heure dirigées, toujours sans signature, contre moi, trois
360 1446 1853 1527 circulaires qui vous mettront bien au courant du caractère de
369 1497 1672 1591 cette furieuse campagne, le dernier et suprême assaut.
162 1862 1288 1973 à Monsieur le Président Nicholas Murray BUTLER,
650 1966 878 2056 NEW-YORK.
