1920 2560
906 113 1068 209 - 17 -
230 232 1811 396 restera bleu jusqu’à la fin de mon voyage. J'arrive à Tuffé, chez
211 328 1787 482 le Maire, un cultivateur, dont la ferme, tout prè(s) du bourg, ouvre
219 413 1794 556 sur les champs. Après quoi, dans un paysage enchanteur, franchis-
202 492 1595 622 sant des ponts très anciens et les capricieux méandres de
211 565 1813 718 l'Huisnes, cachée dans les prés verts, sous les peupliers, j’arrive
202 650 1760 802 à la grande route du Mans à Chartres, à Sceaux-sur-Huisnes, où un
202 729 1691 870 déjeuner intime m’attend. Quel déjeuner ! Le spectacle d’une
198 819 1710 953 nature fraîche et riante, le grand air vif d'une matinée de fin
194 902 1734 1036 Septembre, et aussi la joie des cœurs simples qui m'accueillent
185 974 1747 1113 m'ont mis sans doute en appêtit. Suivant mon désir, on déjeunera
192 1062 1747 1213 en tête à tête pour pouvoir causer librement. ais, tout d’abord,
194 1141 1698 1267 dans combien de temps le déjeuner ? Dans une petite heure! Le
194 1222 1704 1348 couvert est mis ; la patronne est à la cuisine, elle-même avec sa
194 1299 1715 1431 sœur, ancienne aubergiste retirée, mobilisée à mon service pour
192 1373 1734 1508 la circonstance. Mon hôte est lui-même un éleveur de bétail, com-
192 1457 1702 1591 merçant ancien boucher. Depuis la mort de son fils, sa femme et
179 1531 1646 1659 lui se sont retirés des affaire, mais non pas du monde ; il se
185 1614 1713 1740 prodigue au service de tous ses voisins, de tout le pays ; il est
168 1689 1691 1819 Maire ; le cœur sur la main, il a su faire face aux difficultés
181 1762 1728 1894 du ravitaillement, décider les bonnes femmes, sans les contraindre,
177 1838 1683 1966 à nourrir nos armées ; mal recu par elles, plus d’une fois, quand
170 1913 1704 2043 il découvrait dans leurs fermes et du bétail et du grain qu’elles
170 1992 1651 2120 lui cachaient en quantité, mul ne lui en gardé rancune. Il est
168 2073 1614 2190 populaire et c'est pourquoi il avait été élu, avant la guerre,
162 2146 1689 2263 Conseiller Général de son canton. Nous causons ; nous sommes bien
