1920 2560
872 138 1036 209 - 4 -
270 224 1879 388 créée la légende contre PAINLEVÉ et contre le parti républicain.
484 328 1755 462 Heureusement PAINLEVÉ a pu se défendre, après deux
270 407 1802 552 années et demie de disgrâce. Je vous ai transmis sa réplique
268 497 1836 644 et à la Chambre et dans son livre. Mais je constate que cette
283 584 1719 714 défense trouve de l'écho. Je vous signale les articles XX
270 672 1738 808 ci-joints d’une revue "L'OPINION" qui n!est pas cependant
258 761 1815 893 suspecte de partialité et qui vien€t€££/de paraître sous ce titre:
270 840 770 925 "L'Affaire NIVELLE".
452 934 1770 1058 Ces articles m’intéressent surtout parce qu’ils mon-
256 1006 1836 1147 trent à nu le mécanisme de la calomnie internationale partie de
256 1092 1804 1245 Paris pour New York, puis répandue de là dans le monde entier.-
441 1190 957 1280 Ab uno disce omnes.
629 1316 1331 1420 Votre affectueusement dévoué
51 1493 1064 1619 à Monsieur le Président N. Murray BUTLER
1056 1401 1563 1542 ££
258 1589 492 1696 NEW YORK
76 1685 334 1785 ££
