1920 2560
546 32 1262 153 ££
119 170 418 296 SÉNAT
921 166 1273 273 LETTRE N° 569.
1186 381 1736 469 CREANS, 3 Octobre 1919.
595 541 1469 669 MON VOYAGE AUTOUR DE LA SARTHE.
1058 800 1454 902 Mon cher Butler,
697 996 1800 1107 L'inconvénient de mes voya(g)es est que, loin de
215 1058 1798 1194 satisfaire, ils avivent ma curiosité ; ils renouvellent les sources
219 1145 1659 1254 de mon attachement à tout ce qui vit, et mon ambition d'être
236 1220 1768 1341 utile. Pour être utiles, commençons par sentir et par comprendre;
224 1294 1152 1408 il est trop/commode de ne pas comprendre.
682 1388 1768 1504 Je comprends trop bien mon pays. Je viens d'y
213 1446 1760 1576 faire un grand voyage qui, pour un Américain, serait une promenade
224 1529 1766 1649 de quelques heures, car je n’ai vu que mon département de la Sarthe,
215 1602 1715 1725 et encore pas tout entier. Grâce à l’excellente petite auto que
211 1681 1717 1806 je me suis décidé à acheter à New-York et que c(h)acun ici m'envie,
206 1755 1693 1877 je viens d'en faire le tour, intérieurement, avec tout autant de
206 1830 1653 1954 méthode et de préparation que s’il s’était agi de "couvrir" le
211 1907 1732 2028 continent américain comme jadis, en 1911, sous vos auspices et par
204 1988 1672 2103 vos soins. Voyage de trois jours et trois nuits pour parcourir
206 2056 1657 2180 500 Km, mais quel parcours ! Et quel pays ! J'étais seul avec
200 2133 1632 2237 mon chauffeur, silencieux et réservé ; j'ai pu'savourer, sans
21 2327 1034 2442 à Monsieur le Président Nicholas Murray BUTLER
