<?xml version="1.0" encoding="UTF-8"  standalone="yes"?>
<PcGts xmlns="http://schema.primaresearch.org/PAGE/gts/pagecontent/2019-07-15" xmlns:xsi="http://www.w3.org/2001/XMLSchema-instance" xsi:schemaLocation="http://schema.primaresearch.org/PAGE/gts/pagecontent/2019-07-15 http://schema.primaresearch.org/PAGE/gts/pagecontent/2019-07-15/pagecontent.xsd">
  <Metadata>
	<Creator>escriptorium</Creator>
	<Created>2021-03-18T09:57:20.689856+00:00</Created>
    <LastChange>2021-03-18T09:57:20.689878+00:00</LastChange>
  </Metadata>
  <Page imageFilename="P1190720.JPG" imageWidth="1920" imageHeight="2560">

    

    
    <TextRegion id="eSc_dummyblock_">
    
    
      <TextLine id="eSc_line_228916" >
        <Coords points="928,132 932,110 947,104 977,113 1000,102 1036,119 1062,113 1079,123 1083,142 1077,162 1030,189 1013,177 968,196 928,183"/>
        <Baseline points="930,134 1085,145"/>
        <TextEquiv>
          <Unicode>- 7 -</Unicode>
        </TextEquiv>
      </TextLine>

    
    
      <TextLine id="eSc_line_228917" >
        <Coords points="181,332 185,309 211,290 228,305 275,307 302,288 343,320 409,290 469,292 497,309 509,298 526,309 567,309 584,296 633,298 644,307 657,298 849,305 878,307 917,326 983,309 1013,328 1036,311 1075,322 1092,313 1162,317 1186,330 1222,317 1248,322 1262,337 1288,324 1331,332 1350,324 1521,328 1536,341 1550,330 1574,339 1585,330 1670,332 1689,345 1702,334 1749,343 1774,337 1815,373 1806,396 1785,403 1753,405 1742,396 1728,405 1685,379 1659,398 1646,388 1610,401 1593,388 1559,392 1546,381 1521,392 1452,384 1418,407 1393,388 1294,403 1256,390 1205,398 1164,388 1147,401 1107,371 1079,390 1058,392 1006,371 942,390 864,371 840,388 776,373 744,386 725,371 595,373 565,354 548,364 433,364 418,354 401,366 384,358 373,366 347,347 328,360 224,356 198,371 185,364"/>
        <Baseline points="183,334 430,334 458,339 582,343 680,341 802,354 928,349 953,356 1346,370 1817,375"/>
        <TextEquiv>
          <Unicode>guerre et faire son Devoir, comme les autres, jusqu’au bout. Tout</Unicode>
        </TextEquiv>
      </TextLine>

    
    
      <TextLine id="eSc_line_228918" >
        <Coords points="172,420 177,401 198,384 230,392 253,381 294,407 324,384 401,396 531,388 546,401 567,390 595,401 605,394 637,416 659,398 704,409 746,396 768,405 778,396 829,396 904,401 921,411 974,401 989,413 1004,403 1122,405 1175,424 1203,409 1299,411 1312,424 1331,411 1446,416 1459,426 1472,416 1721,422 1770,435 1779,462 1768,482 1713,480 1700,490 1676,475 1597,473 1568,475 1548,488 1527,469 1478,475 1459,460 1408,484 1384,465 1365,477 1322,475 1312,484 1243,471 1196,482 1177,469 1149,482 1139,473 1077,473 1056,458 1034,475 1013,477 983,454 908,475 896,465 857,465 834,448 791,467 774,454 665,462 637,441 614,456 552,450 537,439 522,450 460,448 437,462 413,445 313,445 294,437 238,448 177,435"/>
        <Baseline points="174,422 413,420 548,426 571,430 714,428 772,439 960,437 1000,443 1075,448 1280,445 1339,450 1538,450 1614,456 1780,464"/>
        <TextEquiv>
          <Unicode>cela entremêlé des tendres soins qu&#39;elle prenait de sa précieuse</Unicode>
        </TextEquiv>
      </TextLine>

    
    
      <TextLine id="eSc_line_228919" >
        <Coords points="168,501 187,469 206,475 219,465 294,471 305,480 315,471 341,492 364,473 403,480 418,469 450,469 458,477 501,471 516,484 544,482 569,501 608,475 674,488 725,477 744,492 785,484 802,497 851,482 896,482 936,509 972,484 1002,494 1053,486 1169,497 1203,490 1269,499 1472,499 1484,509 1501,499 1676,503 1728,509 1734,535 1728,558 1706,569 1691,563 1681,571 1655,550 1627,571 1610,556 1578,567 1527,554 1499,561 1480,546 1457,563 1422,554 1371,563 1346,558 1329,544 1309,558 1209,567 1184,556 1120,556 1100,541 1073,556 1051,539 1034,552 974,554 953,552 934,535 900,554 859,554 810,531 795,544 663,544 644,533 603,537 586,524 563,541 531,531 501,541 462,529 445,537 360,529 341,518 296,535 215,524 194,539 172,522"/>
        <Baseline points="170,503 348,500 409,507 473,505 494,509 605,516 680,514 716,520 772,520 793,524 953,522 1045,529 1120,529 1145,533 1553,531 1612,537 1736,537"/>
        <TextEquiv>
          <Unicode>petite compagne, l&#39;enfant dont elle s&#39;occupait toute seule, et</Unicode>
        </TextEquiv>
      </TextLine>

    
    
      <TextLine id="eSc_line_228920" >
        <Coords points="153,573 194,550 224,556 234,548 288,548 386,558 411,578 448,558 507,554 550,569 599,556 633,578 665,558 744,561 757,571 768,563 823,563 834,571 981,567 1024,590 1056,569 1256,582 1297,576 1322,588 1335,578 1600,584 1642,593 1685,586 1717,612 1738,597 1764,595 1779,605 1785,627 1777,665 1757,654 1738,665 1719,650 1689,659 1676,648 1610,644 1514,652 1446,631 1397,654 1363,644 1344,650 1318,642 1301,650 1282,642 1145,642 1120,627 1096,642 1064,614 1028,637 994,635 983,644 951,633 936,642 904,627 855,637 825,618 782,637 770,625 693,631 682,622 646,625 631,612 614,625 597,618 580,627 558,616 501,614 435,622 403,610 390,618 356,614 339,599 324,610 262,601 198,614 157,582"/>
        <Baseline points="155,574 456,593 480,590 695,601 765,599 861,610 1045,608 1137,614 1211,614 1237,618 1510,616 1555,620 1614,620 1646,627 1730,625 1787,629"/>
        <TextEquiv>
          <Unicode>qui ne la quittait ni jour ni nuit. J&#39;écoutais, je regardais, je</Unicode>
        </TextEquiv>
      </TextLine>

    
    
      <TextLine id="eSc_line_228921" >
        <Coords points="177,663 181,637 236,637 349,642 394,667 424,644 477,654 492,646 650,657 699,650 748,680 778,657 874,654 904,667 919,657 945,657 968,669 992,659 1062,659 1094,682 1124,661 1322,665 1348,678 1361,667 1403,667 1420,680 1433,669 1659,674 1766,682 1787,697 1794,718 1751,753 1710,733 1700,742 1659,729 1636,740 1585,723 1529,727 1516,716 1501,727 1450,733 1414,716 1399,727 1344,716 1301,733 1284,733 1267,718 1237,733 1111,721 1096,708 1075,723 1056,718 1038,727 987,727 966,708 921,723 893,710 804,721 780,718 757,699 733,716 646,704 610,716 595,704 494,701 482,691 433,704 396,678 366,697 275,689 181,697"/>
        <Baseline points="179,665 286,663 362,674 413,674 460,678 601,678 667,686 849,684 887,691 981,695 1139,695 1166,691 1211,699 1358,699 1420,704 1653,701 1728,704 1757,710 1796,721"/>
        <TextEquiv>
          <Unicode>pensais. Le lendemain, quand je pris congé, je ne pus m’empêcher</Unicode>
        </TextEquiv>
      </TextLine>

    
    
      <TextLine id="eSc_line_228922" >
        <Coords points="168,746 172,725 204,710 238,736 262,716 288,714 302,725 330,716 360,723 388,746 418,725 452,723 492,736 526,725 552,733 590,721 644,736 682,729 718,742 759,740 774,727 825,727 864,746 885,731 970,731 994,740 1053,736 1073,750 1094,736 1196,738 1216,755 1230,742 1294,742 1318,757 1339,742 1482,755 1572,748 1582,757 1638,753 1706,768 1723,759 1749,774 1753,804 1745,819 1704,821 1602,814 1589,804 1576,814 1422,808 1390,821 1378,808 1329,810 1312,797 1241,810 1188,800 1169,814 1147,814 1111,802 1066,804 1043,791 1021,802 987,797 968,812 910,793 885,806 868,791 849,797 838,789 772,791 761,800 731,776 682,800 669,789 633,785 494,789 480,776 420,787 390,761 369,778 283,776 238,761 215,774 172,763"/>
        <Baseline points="170,748 242,746 396,753 435,759 558,763 652,761 708,768 776,772 970,770 1051,780 1184,778 1307,785 1465,785 1687,789 1754,806"/>
        <TextEquiv>
          <Unicode>de dire ; &quot;je plaignais votre pauvre mari, mais maintenant seule-</Unicode>
        </TextEquiv>
      </TextLine>

    
    
      <TextLine id="eSc_line_228923" >
        <Coords points="168,823 177,802 228,800 294,810 307,802 475,814 518,808 535,823 563,812 582,817 603,834 633,812 657,821 733,814 744,823 763,814 802,827 838,817 859,829 923,819 962,851 1004,821 1041,832 1073,823 1282,829 1288,838 1299,829 1463,840 1550,836 1625,846 1653,838 1689,849 1721,844 1745,864 1749,891 1736,902 1672,904 1649,896 1495,896 1482,885 1382,896 1337,878 1316,893 1250,891 1235,878 1220,891 1179,883 1130,889 1111,874 1094,885 1038,887 1015,885 987,859 930,885 885,872 823,883 797,868 768,876 750,864 731,876 699,876 680,866 631,876 601,855 584,870 552,870 531,851 509,866 428,859 413,870 394,859 373,864 358,849 315,861 285,851 172,855"/>
        <Baseline points="170,825 226,829 278,833 326,836 352,840 480,838 552,840 631,849 770,849 844,857 1006,857 1056,853 1081,859 1177,861 1222,866 1386,864 1595,870 1623,874 1704,874 1751,892"/>
        <TextEquiv>
          <Unicode>ment je mesure ce qu&#39;il a perdu. Vous êtes une vraie Française.</Unicode>
        </TextEquiv>
      </TextLine>

    
    
      <TextLine id="eSc_line_228924" >
        <Coords points="160,904 179,878 200,872 236,900 270,878 281,885 313,876 347,891 398,883 435,885 445,896 469,887 492,896 509,881 552,881 569,893 586,883 642,883 691,891 731,885 746,896 763,887 1066,902 1102,896 1111,904 1132,896 1164,908 1207,898 1230,910 1256,900 1273,913 1344,906 1371,917 1405,904 1484,921 1536,913 1559,925 1574,915 1600,930 1625,919 1668,921 1683,910 1708,925 1728,923 1736,953 1730,979 1710,985 1676,974 1653,994 1634,983 1602,994 1542,974 1472,979 1454,966 1431,979 1386,977 1358,960 1326,977 1262,979 1181,962 1158,979 1128,968 1094,977 1058,951 1036,968 1006,960 964,966 942,949 928,960 821,960 795,942 770,960 674,951 648,962 622,953 605,960 588,945 567,951 526,936 484,951 445,942 433,930 413,942 360,945 307,932 296,940 253,938 238,925 219,938 185,940 164,923"/>
        <Baseline points="162,906 232,913 298,917 394,917 437,919 488,925 631,923 699,930 746,932 857,934 908,936 977,942 1077,940 1169,947 1262,947 1337,951 1619,949 1655,955 1738,955"/>
        <TextEquiv>
          <Unicode>Et ce sont des Françaises comme vous qui, depuis des siècles, à</Unicode>
        </TextEquiv>
      </TextLine>

    
    
      <TextLine id="eSc_line_228925" >
        <Coords points="160,992 179,960 230,970 262,960 270,968 345,974 409,962 422,972 433,966 473,977 486,966 512,966 529,977 563,972 608,983 629,970 659,970 697,985 710,977 736,985 750,974 814,974 866,983 923,979 938,989 962,979 1066,983 1079,994 1092,985 1156,987 1177,1000 1192,987 1294,989 1356,996 1371,1009 1393,994 1527,998 1536,1006 1582,998 1644,1019 1672,1002 1696,1019 1700,1036 1691,1066 1670,1075 1651,1060 1597,1073 1574,1062 1540,1070 1523,1056 1474,1068 1442,1058 1425,1066 1384,1053 1324,1056 1303,1041 1258,1060 1228,1058 1209,1038 1184,1058 1171,1049 1098,1045 1075,1062 1051,1047 1034,1056 996,1038 966,1058 942,1043 921,1049 896,1034 864,1053 821,1036 768,1045 759,1036 716,1034 704,1045 689,1034 661,1034 640,1043 586,1026 563,1041 539,1026 473,1034 450,1017 388,1028 358,1011 302,1028 277,1017 189,1019 164,1000"/>
        <Baseline points="162,994 262,995 324,998 377,1002 541,1000 567,1004 640,1009 774,1009 866,1017 996,1017 1160,1028 1184,1026 1282,1028 1314,1032 1420,1032 1442,1038 1516,1034 1640,1036 1661,1032 1702,1038"/>
        <TextEquiv>
          <Unicode>travers les pires sacrifices, ont sauvé la vie de notre pays&quot;.</Unicode>
        </TextEquiv>
      </TextLine>

    
    
      <TextLine id="eSc_line_228926" >
        <Coords points="631,1088 635,1060 678,1062 686,1073 716,1062 763,1070 817,1064 829,1075 842,1064 889,1075 910,1066 942,1066 951,1075 964,1066 1024,1068 1056,1092 1079,1070 1216,1073 1228,1083 1297,1075 1314,1088 1333,1075 1425,1077 1461,1094 1478,1085 1499,1092 1600,1081 1634,1096 1649,1083 1685,1094 1698,1083 1717,1098 1740,1083 1760,1102 1764,1130 1717,1160 1696,1145 1634,1160 1621,1145 1589,1147 1576,1137 1495,1149 1474,1134 1440,1143 1425,1130 1388,1141 1371,1132 1358,1141 1312,1139 1297,1124 1256,1152 1230,1152 1188,1132 1154,1141 1128,1124 1102,1137 1073,1128 1056,1111 1038,1128 868,1128 838,1107 823,1122 738,1117 725,1126 693,1113 633,1115"/>
        <Baseline points="633,1088 757,1096 951,1100 1000,1105 1120,1102 1222,1113 1446,1111 1493,1117 1540,1117 1765,1131"/>
        <TextEquiv>
          <Unicode>La pluie battante et glacée ne m&#39;a pas empêché</Unicode>
        </TextEquiv>
      </TextLine>

    
    
      <TextLine id="eSc_line_228941" >
        <Coords points="160,1152 189,1120 277,1132 311,1126 334,1137 494,1128 535,1141 580,1132 593,1147 642,1134 684,1152 750,1139 778,1149 791,1141 859,1143 868,1152 883,1145 896,1156 921,1145 964,1156 1009,1149 1497,1169 1538,1181 1582,1173 1604,1175 1610,1198 1595,1230 1544,1218 1533,1228 1388,1222 1371,1209 1352,1222 1286,1211 1275,1220 1209,1211 1179,1218 1160,1209 1124,1218 1075,1203 964,1218 913,1194 857,1207 834,1194 804,1213 757,1196 501,1194 475,1177 424,1190 403,1171 384,1186 311,1188 192,1177 164,1166"/>
        <Baseline points="161,1152 238,1156 311,1154 377,1164 576,1162 787,1171 904,1181 1030,1179 1085,1190 1252,1188 1369,1194 1533,1196 1612,1201"/>
        <TextEquiv>
          <Unicode>d&#39;arriver le Dimanche matin au Comice Agricole du canton de</Unicode>
        </TextEquiv>
      </TextLine>

    
    
      <TextLine id="eSc_line_228927" >
        <Coords points="160,1233 164,1211 189,1203 228,1216 249,1205 285,1213 407,1213 437,1237 477,1211 503,1213 524,1230 599,1216 648,1226 689,1220 704,1228 795,1222 821,1233 832,1224 872,1233 908,1226 949,1243 985,1228 1036,1241 1049,1233 1365,1241 1380,1254 1395,1243 1489,1245 1527,1260 1546,1248 1591,1256 1627,1250 1659,1258 1725,1254 1736,1286 1725,1305 1634,1326 1597,1307 1529,1309 1512,1297 1486,1309 1339,1305 1290,1288 1271,1303 1239,1297 1220,1307 1173,1290 1160,1297 1073,1288 1051,1297 1002,1277 977,1292 955,1273 934,1288 874,1288 834,1284 810,1269 750,1282 652,1273 614,1280 522,1262 512,1271 471,1271 454,1258 424,1275 407,1265 260,1262 241,1254 181,1260 164,1245"/>
        <Baseline points="162,1235 220,1233 309,1241 424,1239 580,1250 761,1258 928,1256 1156,1265 1237,1275 1386,1273 1459,1282 1674,1282 1738,1288"/>
        <TextEquiv>
          <Unicode>St-Paterne, où ma présence était d&#39;autant plus attendue des popu-</Unicode>
        </TextEquiv>
      </TextLine>

    
    
      <TextLine id="eSc_line_228928" >
        <Coords points="151,1314 155,1297 179,1280 219,1292 270,1277 288,1290 332,1290 356,1309 386,1292 428,1294 445,1309 467,1292 505,1299 518,1288 544,1288 563,1303 595,1292 669,1294 684,1309 699,1301 765,1309 804,1299 846,1316 893,1303 917,1312 1105,1312 1134,1322 1147,1314 1399,1324 1425,1335 1467,1326 1506,1341 1527,1331 1702,1337 1740,1361 1732,1388 1664,1399 1638,1388 1612,1397 1593,1388 1510,1390 1499,1380 1467,1393 1457,1384 1399,1386 1388,1378 1376,1386 1309,1384 1290,1395 1258,1378 1226,1376 1211,1388 1196,1378 1152,1380 1128,1369 1117,1378 1096,1369 1053,1380 1030,1365 1015,1371 996,1358 953,1367 928,1354 913,1365 821,1363 810,1371 791,1358 678,1361 654,1350 618,1363 529,1348 503,1356 448,1337 373,1354 352,1337 332,1348 181,1339 155,1318"/>
        <Baseline points="153,1316 396,1316 428,1326 610,1324 680,1329 718,1335 893,1333 1079,1344 1169,1352 1269,1350 1341,1354 1382,1361 1675,1367 1742,1363"/>
        <TextEquiv>
          <Unicode>lations que le Préfet craignait de se compromettre en y assistant</Unicode>
        </TextEquiv>
      </TextLine>

    
    
      <TextLine id="eSc_line_228929" >
        <Coords points="162,1390 183,1367 211,1365 232,1382 249,1369 288,1365 296,1373 339,1365 390,1378 401,1369 424,1371 448,1393 484,1371 535,1378 565,1395 590,1376 622,1382 640,1397 667,1378 684,1378 738,1390 753,1382 795,1390 838,1384 853,1395 868,1386 1009,1390 1028,1403 1049,1393 1284,1401 1299,1412 1365,1412 1384,1427 1422,1408 1478,1427 1508,1405 1550,1431 1574,1416 1653,1418 1674,1446 1649,1469 1625,1474 1550,1461 1527,1474 1459,1476 1395,1472 1380,1459 1350,1472 1292,1461 1271,1469 1228,1446 1203,1450 1192,1442 1152,1463 1015,1444 949,1452 910,1440 776,1444 731,1425 699,1450 678,1429 665,1440 637,1422 616,1437 569,1420 546,1433 458,1429 448,1420 428,1429 283,1427 268,1416 256,1425 234,1410 213,1422 166,1410"/>
        <Baseline points="164,1393 254,1393 381,1403 584,1401 648,1410 787,1410 881,1420 1051,1429 1166,1427 1288,1437 1649,1444 1676,1448"/>
        <TextEquiv>
          <Unicode>et refusait même de s&#39;y faire représenter ; - parce que là nous</Unicode>
        </TextEquiv>
      </TextLine>

    
    
      <TextLine id="eSc_line_228935" >
        <Coords points="168,1472 185,1440 292,1452 311,1444 330,1461 360,1446 386,1454 460,1448 580,1452 599,1461 814,1461 851,1474 953,1465 989,1480 1013,1467 1049,1480 1096,1469 1126,1482 1186,1478 1216,1493 1250,1489 1258,1497 1301,1484 1337,1501 1348,1493 1405,1493 1442,1516 1467,1497 1495,1493 1527,1501 1550,1491 1587,1518 1619,1493 1708,1497 1725,1508 1730,1529 1681,1555 1621,1553 1578,1565 1482,1561 1461,1546 1442,1561 1316,1555 1245,1536 1209,1546 1179,1536 1143,1536 1132,1544 1120,1533 1047,1533 1030,1525 972,1533 953,1523 919,1531 866,1518 761,1523 727,1512 693,1521 661,1512 601,1518 550,1506 518,1516 494,1497 469,1514 443,1497 426,1508 362,1508 326,1489 311,1501 256,1499 238,1508 172,1491"/>
        <Baseline points="169,1472 235,1478 366,1480 475,1478 588,1489 710,1486 802,1497 945,1495 992,1506 1090,1504 1181,1514 1318,1512 1412,1523 1731,1530"/>
        <TextEquiv>
          <Unicode>étions dans l&#39;arrondissement de M. Caillaux, - et que, si M. Cail-</Unicode>
        </TextEquiv>
      </TextLine>

    
    
      <TextLine id="eSc_line_228936" >
        <Coords points="160,1548 164,1523 174,1518 245,1531 256,1523 285,1531 302,1523 366,1533 411,1527 846,1544 861,1555 874,1546 987,1548 1015,1557 1049,1553 1062,1565 1115,1555 1152,1570 1184,1557 1250,1572 1331,1563 1384,1572 1399,1585 1418,1570 1476,1580 1578,1576 1608,1589 1668,1580 1683,1602 1674,1634 1612,1627 1582,1644 1553,1632 1521,1651 1508,1642 1491,1655 1472,1638 1457,1649 1444,1640 1431,1649 1416,1636 1399,1644 1388,1636 1358,1640 1329,1634 1312,1619 1280,1640 1265,1625 1205,1625 1196,1614 1175,1623 1145,1617 1134,1625 1117,1608 994,1610 960,1602 934,1610 876,1597 838,1612 823,1600 652,1600 633,1582 612,1597 595,1589 573,1602 546,1587 512,1597 494,1585 448,1589 426,1574 403,1589 332,1570 315,1585 281,1574 238,1585 183,1578 162,1565"/>
        <Baseline points="162,1550 224,1550 283,1557 473,1555 546,1565 686,1565 1047,1580 1190,1591 1324,1600 1480,1597 1538,1604 1685,1604"/>
        <TextEquiv>
          <Unicode>laux n&#39;est toujours pas jugé, il n’en est pas moins toujours en</Unicode>
        </TextEquiv>
      </TextLine>

    
    
      <TextLine id="eSc_line_228937" >
        <Coords points="166,1632 170,1587 234,1585 258,1604 288,1582 328,1600 352,1587 377,1597 420,1595 443,1610 475,1597 526,1610 616,1606 652,1621 706,1621 772,1606 793,1625 876,1619 887,1627 953,1621 972,1632 1077,1638 1128,1632 1141,1642 1205,1636 1216,1644 1254,1642 1273,1659 1309,1642 1324,1651 1350,1644 1367,1659 1420,1644 1435,1655 1457,1653 1472,1668 1499,1659 1512,1670 1540,1649 1561,1659 1589,1649 1610,1653 1625,1683 1617,1723 1578,1730 1538,1708 1516,1725 1497,1717 1482,1728 1452,1728 1435,1715 1420,1721 1403,1713 1388,1721 1329,1704 1299,1713 1275,1691 1256,1706 1192,1696 1171,1706 1149,1693 1132,1702 1107,1685 1060,1706 1019,1683 974,1689 966,1678 938,1681 921,1693 881,1674 855,1685 817,1683 797,1666 755,1691 733,1672 718,1681 691,1670 672,1681 622,1666 537,1670 482,1661 469,1670 452,1657 413,1668 394,1655 362,1666 330,1651 317,1661 241,1664 196,1651 181,1659 170,1651"/>
        <Baseline points="168,1634 221,1629 320,1634 413,1632 460,1634 499,1642 689,1642 891,1649 974,1659 1070,1657 1134,1666 1201,1666 1222,1670 1363,1676 1501,1674 1572,1685 1627,1685"/>
        <TextEquiv>
          <Unicode>(p)rison et présumé coupable par le Gouvernement qui l&#39;y a fait</Unicode>
        </TextEquiv>
      </TextLine>

    
    
      <TextLine id="eSc_line_228933" >
        <Coords points="160,1702 166,1659 226,1657 277,1670 302,1664 326,1687 349,1670 398,1666 433,1683 458,1672 488,1685 509,1668 546,1691 582,1672 605,1693 644,1681 699,1704 721,1689 774,1689 812,1702 829,1691 857,1704 893,1696 923,1708 951,1700 962,1708 1109,1708 1126,1725 1156,1710 1218,1723 1248,1708 1292,1734 1312,1723 1352,1723 1369,1738 1482,1728 1504,1738 1568,1723 1578,1734 1646,1736 1651,1755 1642,1783 1617,1804 1574,1809 1538,1783 1514,1785 1499,1798 1484,1789 1459,1806 1444,1792 1412,1802 1378,1792 1326,1802 1309,1789 1297,1798 1250,1779 1239,1783 1224,1770 1196,1787 1179,1772 1152,1781 1088,1764 1060,1779 1041,1760 1002,1770 953,1757 919,1772 902,1762 891,1768 870,1749 832,1772 808,1751 774,1760 765,1751 723,1753 699,1738 682,1749 648,1745 631,1757 565,1734 541,1751 520,1742 454,1747 418,1740 384,1710 358,1717 332,1738 273,1740 249,1730 209,1738 162,1719"/>
        <Baseline points="161,1704 260,1710 422,1708 516,1719 691,1725 716,1728 842,1725 940,1734 1081,1738 1269,1751 1365,1751 1450,1757 1501,1757 1653,1757"/>
        <TextEquiv>
          <Unicode>mettre. Voyez, entre mille, les petits effets de cette réclu-</Unicode>
        </TextEquiv>
      </TextLine>

    
    
      <TextLine id="eSc_line_228931" >
        <Coords points="168,1783 172,1736 185,1734 339,1751 366,1742 407,1757 445,1757 456,1749 486,1760 518,1753 571,1770 616,1757 678,1772 723,1766 740,1777 778,1764 840,1777 864,1792 887,1772 953,1787 970,1777 1019,1785 1028,1779 1043,1794 1075,1779 1122,1779 1149,1804 1162,1794 1198,1796 1209,1787 1245,1804 1290,1796 1333,1813 1361,1796 1382,1813 1403,1802 1482,1806 1491,1815 1508,1804 1521,1815 1576,1811 1591,1824 1608,1811 1664,1802 1683,1838 1666,1858 1614,1862 1587,1881 1557,1866 1538,1877 1521,1868 1504,1883 1465,1873 1433,1881 1422,1875 1401,1888 1371,1868 1303,1870 1284,1853 1262,1868 1248,1860 1205,1870 1179,1849 1158,1851 1149,1843 1096,1849 1085,1841 1060,1847 1045,1838 1028,1845 908,1834 893,1845 868,1826 853,1838 825,1828 808,1841 789,1828 755,1843 740,1828 689,1826 676,1815 650,1817 625,1834 603,1819 544,1819 531,1830 516,1817 473,1824 422,1806 390,1819 360,1815 345,1802 294,1815 279,1804 260,1817 172,1804"/>
        <Baseline points="170,1785 435,1785 492,1789 529,1796 669,1794 706,1796 866,1802 981,1811 1090,1815 1141,1821 1248,1830 1422,1828 1512,1838 1582,1836 1685,1841"/>
        <TextEquiv>
          <Unicode>sion de M. Caillaux ; le pays qui l’a élu est mis à l&#39;index; ses</Unicode>
        </TextEquiv>
      </TextLine>

    
    
      <TextLine id="eSc_line_228942" >
        <Coords points="170,1856 174,1832 202,1836 226,1817 245,1815 283,1836 309,1830 339,1847 388,1821 403,1832 437,1824 452,1834 497,1830 512,1819 544,1836 571,1826 586,1838 637,1836 654,1847 710,1849 731,1838 748,1849 763,1841 782,1849 812,1843 842,1860 883,1843 898,1856 910,1849 942,1862 1015,1862 1030,1853 1066,1866 1098,1858 1124,1866 1137,1858 1175,1881 1230,1870 1245,1879 1262,1870 1348,1890 1384,1881 1422,1896 1442,1883 1521,1892 1533,1883 1687,1881 1691,1907 1678,1932 1649,1932 1608,1954 1574,1958 1561,1945 1536,1954 1512,1932 1480,1954 1437,1943 1422,1956 1384,1956 1341,1941 1324,1945 1312,1934 1258,1947 1211,1934 1198,1945 1166,1924 1111,1934 1026,1913 998,1920 891,1907 864,1920 834,1905 797,1909 768,1894 714,1917 682,1898 637,1907 529,1894 494,1909 473,1892 379,1896 341,1879 328,1890 174,1890"/>
        <Baseline points="172,1856 373,1864 475,1862 537,1870 669,1873 742,1881 864,1879 910,1883 1064,1888 1130,1896 1218,1900 1275,1907 1606,1905 1693,1909"/>
        <TextEquiv>
          <Unicode>Comices Agricoles ignorés du Gouvernement : quiconque ose trouver</Unicode>
        </TextEquiv>
      </TextLine>

    
    
      <TextLine id="eSc_line_228932" >
        <Coords points="162,1932 166,1913 194,1890 230,1888 238,1898 266,1890 305,1898 326,1890 356,1915 392,1898 418,1907 484,1905 503,1915 522,1907 558,1917 629,1911 637,1922 672,1928 699,1917 789,1930 849,1930 866,1922 908,1937 974,1928 1000,1941 1068,1934 1094,1943 1105,1934 1120,1943 1158,1941 1186,1958 1198,1949 1267,1954 1288,1943 1331,1971 1352,1973 1403,1956 1425,1971 1450,1960 1491,1975 1504,1964 1546,1964 1559,1975 1572,1964 1649,1954 1683,1958 1689,1986 1683,2005 1640,2009 1600,2028 1533,2028 1512,2016 1461,2037 1444,2024 1371,2026 1337,2016 1284,2026 1262,2009 1245,2022 1216,2020 1188,2003 1137,1998 1124,2007 1111,1996 1102,2003 1058,1988 979,2003 962,1988 910,1986 898,1994 864,1984 844,1992 793,1975 778,1988 765,1977 731,1988 676,1971 618,1979 558,1964 529,1979 490,1966 445,1973 433,1962 407,1973 379,1964 337,1971 317,1956 283,1971 253,1954 206,1966 166,1958"/>
        <Baseline points="162,1932 232,1941 430,1939 533,1949 678,1947 761,1958 908,1956 994,1966 1047,1964 1070,1969 1107,1969 1175,1975 1224,1973 1282,1981 1587,1981 1689,1986"/>
        <TextEquiv>
          <Unicode>que le procès se fait bien attendre est mal noté ; et je ne parle</Unicode>
        </TextEquiv>
      </TextLine>

    
    
      <TextLine id="eSc_line_228938" >
        <Coords points="151,2005 157,1962 247,1964 281,1973 330,1969 375,1986 409,1975 467,1988 492,1975 509,1986 544,1977 565,1990 629,1994 644,2007 669,1994 768,2003 782,1992 814,2007 849,2001 891,2009 910,1998 938,2007 962,1998 998,2018 1015,2007 1058,2007 1075,2018 1100,2009 1115,2020 1160,2009 1177,2026 1198,2018 1254,2037 1292,2026 1307,2035 1356,2035 1367,2026 1414,2045 1435,2028 1457,2037 1478,2028 1508,2045 1553,2028 1614,2037 1674,2030 1691,2052 1685,2071 1651,2090 1638,2082 1602,2097 1570,2086 1544,2105 1506,2097 1474,2114 1446,2094 1401,2099 1388,2088 1358,2086 1318,2099 1288,2086 1277,2094 1269,2086 1256,2090 1233,2077 1186,2090 1164,2073 1147,2084 1124,2069 1075,2080 1058,2062 1036,2060 1021,2069 960,2062 925,2077 896,2060 855,2062 819,2050 793,2069 750,2054 716,2062 661,2052 646,2039 618,2056 512,2045 475,2056 392,2030 375,2045 349,2050 320,2030 270,2045 256,2033 230,2043 194,2030 172,2039 155,2024"/>
        <Baseline points="153,2007 256,2007 330,2011 418,2018 509,2016 584,2026 755,2024 812,2033 962,2035 1049,2041 1096,2041 1175,2045 1262,2052 1312,2056 1661,2060 1693,2054"/>
        <TextEquiv>
          <Unicode>pas de la façon dont furent traités pendant la guerre les soldats</Unicode>
        </TextEquiv>
      </TextLine>

    
    
      <TextLine id="eSc_line_228939" >
        <Coords points="170,2084 174,2054 192,2041 232,2043 256,2033 270,2050 324,2037 381,2067 448,2048 456,2058 520,2054 552,2069 590,2050 622,2065 721,2069 729,2077 780,2071 797,2080 810,2071 849,2082 859,2073 902,2073 921,2084 985,2080 1030,2094 1075,2082 1088,2092 1134,2090 1160,2103 1198,2088 1211,2101 1260,2092 1294,2116 1316,2099 1393,2105 1401,2114 1448,2099 1476,2122 1508,2103 1604,2107 1629,2122 1634,2139 1627,2156 1600,2176 1565,2158 1533,2169 1514,2161 1474,2176 1446,2158 1422,2178 1408,2169 1369,2178 1348,2167 1324,2173 1301,2161 1277,2169 1235,2152 1211,2163 1175,2158 1164,2148 1102,2154 1083,2141 1068,2152 1051,2137 1006,2144 983,2133 936,2137 859,2124 827,2146 787,2114 768,2129 725,2137 710,2122 674,2133 610,2120 597,2129 520,2116 456,2122 437,2105 407,2118 324,2103 309,2114 273,2116 174,2105"/>
        <Baseline points="170,2084 401,2084 462,2092 514,2094 608,2092 682,2103 832,2101 904,2109 983,2109 1137,2118 1245,2129 1412,2126 1461,2133 1533,2137 1597,2135 1634,2139"/>
        <TextEquiv>
          <Unicode>natifs de l’arrondissement de Mamers, ceux qu&#39;il fallait punir,</Unicode>
        </TextEquiv>
      </TextLine>

    
    
      <TextLine id="eSc_line_228943" >
        <Coords points="168,2152 172,2109 243,2112 251,2122 309,2118 347,2137 373,2124 409,2131 422,2120 486,2137 522,2131 601,2139 618,2131 642,2146 678,2133 712,2148 738,2139 748,2148 785,2141 812,2152 872,2152 891,2141 910,2156 932,2156 953,2146 968,2156 1111,2161 1130,2173 1154,2161 1186,2190 1213,2169 1265,2169 1290,2193 1350,2173 1371,2184 1382,2176 1412,2184 1459,2178 1472,2190 1497,2178 1529,2180 1540,2190 1550,2182 1638,2176 1649,2205 1640,2231 1597,2242 1572,2244 1540,2218 1504,2242 1489,2229 1463,2250 1446,2240 1376,2250 1358,2235 1322,2248 1309,2237 1277,2242 1256,2227 1201,2227 1184,2212 1169,2222 1134,2216 1105,2231 1058,2220 1006,2227 994,2216 910,2225 887,2212 810,2222 800,2210 778,2220 763,2210 712,2208 622,2214 612,2205 571,2210 541,2190 516,2199 486,2188 424,2186 373,2197 300,2178 277,2190 172,2173"/>
        <Baseline points="169,2153 251,2156 283,2163 494,2169 704,2169 910,2180 1036,2186 1092,2197 1218,2195 1248,2201 1344,2205 1650,2207"/>
        <TextEquiv>
          <Unicode>sinon supprimer : les électeurs à Caillaux ! Une fanfare de cors</Unicode>
        </TextEquiv>
      </TextLine>

    
    
      <TextLine id="eSc_line_228940" >
        <Coords points="160,2227 168,2205 217,2205 234,2190 268,2186 292,2199 322,2188 345,2201 450,2197 469,2212 529,2201 537,2210 552,2203 561,2212 629,2218 648,2210 661,2220 800,2216 814,2225 874,2220 917,2231 951,2225 1038,2235 1051,2227 1109,2240 1179,2235 1216,2254 1241,2235 1284,2261 1331,2248 1418,2259 1446,2244 1474,2261 1580,2244 1634,2252 1655,2274 1625,2304 1612,2295 1506,2318 1484,2308 1435,2321 1405,2306 1388,2321 1369,2321 1344,2306 1320,2316 1273,2308 1252,2318 1224,2308 1205,2321 1143,2291 1026,2291 989,2274 947,2282 928,2274 878,2280 868,2272 849,2280 770,2269 744,2276 710,2261 695,2274 657,2274 637,2263 625,2274 608,2265 554,2276 526,2265 512,2274 494,2261 465,2272 388,2250 358,2272 294,2254 253,2272 211,2257 194,2267 172,2257 164,2265"/>
        <Baseline points="161,2229 279,2233 358,2240 573,2237 631,2246 738,2248 896,2259 923,2254 1009,2257 1075,2259 1327,2283 1656,2276"/>
        <TextEquiv>
          <Unicode>de chasse accueillit ma descente de voiture ; je visitai rapide-</Unicode>
        </TextEquiv>
      </TextLine>

    
    
      <TextLine id="eSc_line_228934" >
        <Coords points="153,2301 164,2278 200,2263 241,2274 262,2269 279,2286 305,2265 362,2276 390,2263 403,2276 512,2276 535,2289 565,2282 603,2291 740,2291 755,2306 778,2291 814,2293 829,2284 866,2295 891,2280 910,2297 1006,2297 1032,2308 1062,2306 1075,2316 1096,2304 1143,2310 1162,2323 1173,2312 1297,2327 1341,2327 1350,2318 1388,2346 1416,2323 1469,2323 1497,2353 1472,2382 1461,2378 1437,2397 1418,2389 1384,2400 1367,2382 1346,2397 1335,2385 1320,2393 1303,2378 1248,2385 1233,2372 1203,2382 1164,2368 1066,2365 1019,2353 992,2370 981,2361 942,2363 928,2350 902,2363 891,2353 857,2363 825,2338 787,2353 774,2338 727,2357 712,2346 684,2363 672,2350 657,2357 631,2342 603,2348 593,2338 576,2350 556,2338 518,2344 499,2327 477,2338 441,2338 411,2325 390,2336 332,2336 302,2325 273,2336 258,2325 174,2327 157,2316"/>
        <Baseline points="153,2301 236,2308 627,2316 1331,2350 1497,2353"/>
        <TextEquiv>
          <Unicode>ment, sous des parapluies, l&#39;exposition des bestiaux, peu</Unicode>
        </TextEquiv>
      </TextLine>

    
    </TextRegion>
    
  </Page>
</PcGts>
