1920 2560
842 64 996 157 - 5 -
192 253 1806 388 la provision d’essence et je retombe, à Beaumont, sur le paysage
187 343 1696 458 classique de la région, moulins, vieux châteaux, eaux vives,
185 413 1779 544 prés verts, coupés de peupliers et de taillis. Mais auparavant
181 499 1847 640 j’ai revu, trop vite à mon gré et de trop loin, cette mystérieuse et
174 584 1774 710 étonnante forêt de Sillé-le-Guillaume et ces Alpes Mancelles où
172 665 1772 797 la rivière, à l'allure d'un jeune torrent, se joue au milieu des
183 765 1710 881 rochers, des herbages et des grands bois. Je ne comprends pas,
170 840 1715 966 combien de fois l’aurais-je dit ? que les voyageurs, que les
170 923 1802 1049 Français mêmes ne viennent pas là faire des retraites, cacher leur
172 1011 1734 1126 bonheur ou leur tristesse pendant l'été. De Beaumont, j’arrive
172 1085 1636 1205 coucher à Fresnay, à la lisière des Alpes Mancelles, nid de
170 1175 1653 1282 granit, où l’eau se discipline et s’approfondit, bordant les
162 1243 1740 1367 rochers. Là je suis attendu. Touchante méprise. Je descendais,
162 1331 1734 1459 à l'ordinaire, chez des amis influente dans le pays, une famile
162 1416 1783 1536 de gros négociants en épicerie. Le père est mort depuis la guerre,
166 1497 1706 1610 -mort de chagrin, suivant le proverbe Sarthois ; "le chagrin tue
166 1576 1700 1687 l'homme et nourrit la femme ; il est mort ainsi que son frère,
170 1659 1664 1774 Conseiller Général, dont je verrai la veuve le surlendemain à
170 1740 1706 1851 Vibraye, à la tête d'un commerce semblable. Mais j’ignorais que
164 1811 1751 1926 son fils aussi avait été tué, dès le commencement de la guerre ; et
166 1898 1704 1998 que tant de deuils avaient décidé la mère à quitter Fresnay avec
164 1979 1664 2082 sa plus jeune fille, une enfant très gaie. L’enfant très gaie
160 2050 1676 2156 n’avait pas voulu d'une vie qui s’annonçait pour tous les siens
166 2129 1706 2229 si douloureuse et, bien que son père fut connu dans le pays comme
162 2201 1706 2310 libre-penseur, anti-clérical, ainsi que tant d’autres braves gens,
160 2278 1664 2378 révoltés par l'intolérance religieuse, elle avait pris le voile
155 2342 1634 2455 et choisi l'un des ordres les plus rigoureux pour disparaître,
149 2432 426 2498 elle aussi.
