1920 2560
258 142 488 251 SENAT
864 91 1205 174 LETTRE N° 586.
1233 307 1858 428 Paris, le 13 novembre 1919
640 484 1491 614 LE COMPTE RENDU des COMITÉS SECRETS
753 584 1361 689 de la CHAMBRE des DÉPUTÉS
983 793 1386 878 Mon cher Butler,
614 925 1853 1051 Par ma lettre du 15 octobre dernier, N° 570, je vous
426 996 1811 1128 ai annoncé qu’à la suite d'un discours très impressionnant
422 1075 1864 1211 de PAINLEVÉ, la Chambre des Dépu€e€tés av/ait décidé de publier
411 1169 1794 1286 les comptes-rendus des séances qu’elle a tenues en Comité
418 1248 1868 1378 secret pendant la gue/rre. Cette publication ne s’est pas fait
401 1322 1892 1446 attendre. En voici le commencement que vous tiendrez, j’en suis
392 1399 1766 1538 sûr, à conserver dans vos archives et à votre bibliothèque
405 1474 1128 1580 à l'appui de ma correspondance.
593 1561 1260 1664 Votre affectueusement dévoué
955 1670 1414 1779 ££
164 1809 1088 1926 à Monsieur le Président N. Murray BUTLER
381 1896 603 1988 NEW YORK
