1920 2560
748 128 1102 202 LETTRE N° 587.
168 241 413 332 SENAT
1205 381 1828 465 Paris, le 14 novembre 1919
544 578 1350 695 TARDIEU VERSUS FRANKLIN-BOUILLON
1017 817 1386 913 Mon cher Butler,
548 960 1864 1066 Trois hommes, dans ces derniers temps, pouvaient rendre
356 1047 1900 1147 des services précieux à la France, par leurs relations à l'étran-
364 1132 1900 1213 ger et par leur connaissance des choses de l’extérieur FRANKLIN
352 1205 1860 1307 BOUILLON. TARDIEU et moi. FRANKLIN et TARDIEU ont été plus ou
354 1286 1811 1388 moins d’accord avec le Gouvernement pour me supprimer dans la
358 1371 1811 1472 mesure possible ; et maintenant ils s’acharnent à se supprimer
339 1450 1781 1550 l’un l’autre. C'est la faiblesse des démocraties, dira-t-on?
352 1533 1838 1632 Non, il en a toujours été ainsi en France, dans tous les temps,
356 1604 1849 1706 et plus encore sous l’ancien régime qu’aujourd 'hui. N’oublions
352 1691 1870 1783 pas le sort de tous les hommes d’initiative qui ont voulu servir
358 1770 1853 1864 la France loin de Paris ou de Versailles, depuis DUPLEIX, LALLY
341 1845 1813 1943 TOLLENDAL, LASSALLE, jusqu’à de LESSEPS et tant d’autres......
531 1928 1845 2020 Tout homme, en France, qui surgit pour faire du nouveau
341 2005 1873 2103 ou simplement pour faire le bien, indépendamment de l’administra-
362 2080 1702 2184 tion, du Gouvernement, de la presse et de la Société, est
34 2214 1002 2316 à Monsieur le Président N. Murray BUTLER
305 2304 509 2391 NEW YORK
