1920 2560
855 55 1004 130 - 10 -
563 251 1819 337 L'abus des grèves à tout instant et à tout propos,
213 315 1706 422 dans les transports dont tout dépend, dans les usines, dans
204 418 1824 505 les ateliers, dans l'imprimerie, dans les magasins de nouveautés
224 490 1717 595 etc....etc.... a été une aggravation non seulement de la vie
215 586 1604 680 chère, mais de la difficulté de vivre. On ne peut plus
219 665 1734 757 compter sur rien ; et les plus humbles se ressentent de cette
224 757 1789 836 incertitude autant, au moins, que les plus riches qui ont leur
215 844 1740 923 auto, leurs serviteurs, leurs provisions, leur argent enfin.
213 923 1747 1013 On ne reçoit plus rien régulièrement ; ni charbon, ni matières
221 1013 1619 1098 premières, ni matériaux de construction, ni machines, ni
213 1079 1736 1179 engrais, ni instruments. On renonce à ce qu'on devait faire
226 1175 1649 1258 faute de pouvoir y réussir, avec la meilleure volonté du
224 1254 1783 1339 monde. Un employé n'arrive pas, non seulement à vivre, mais à
217 1350 1723 1437 gagner de quoi faire le possible. Il reste en panne dans le
213 1418 1806 1514 métro, dans les trains, dans les tramways, dans les gares, dans
234 1512 1640 1591 les salles d'attente ou en plein air, à ne rien faire et
238 1600 1715 1683 comme lui, sa femme et ses enfants. Il voit la vie commune
234 1672 1442 1764 se désorganiser, en commençant par sa propre vie.
608 1749 1706 1841 Si, du moins, on avait le sentiment que ces
224 1826 1681 1928 perturbations contribueront au retour de l'ordre ; mais on
224 1924 1760 2009 sait le contraire ; elles n’améliorent pas, etles empirent la
241 2003 1685 2088 situation. Elles aboutissent à des concessions forcées et
241 2084 1683 2176 pour ainsi dire, contre nature ; à cette monstruosité, par
249 2169 1678 2246 exemple, que le travail manuel, agissant en masse, obtient
