1920 2560
872 138 1056 236 - 18 -
185 275 1753 416 d’accord; mais le déjeuner, où en est-il ? Le voilà, mettez-vous
157 364 1736 492 à table; nous dit notre hôtesse ; et alors la fête commence. La
187 450 1777 578 fête que vous ne soupçonnez pas ; celle qu’un étranger ne connaîtra
172 535 1751 659 jamais parce qu’il faut être Français pour savoir ce que nous en-
170 608 1779 746 tendons chez nous par faire bonne chère. An ; si Haskell, si Finch,
168 689 1728 814 si miss Jones étaient du voyage, oubliant la fièvre de vos préoc-
164 770 1674 902 cupations ; s’ils avaient pu faire, sans intimider mes amis, ce
166 855 1636 985 tour de la Sarthe avec moi, quels souvenirs pour eux, quelles
170 928 1755 1064 révélations d'une sensibilité très fine dans le milieu qu'on pour-
160 1011 1691 1141 rait prendre, au premier abord, pour le plue rude. Mais il faut
170 1088 1642 1228 que je vous décrive ce déjeuner, type de tous les autres grâce
164 1171 1666 1301 auxquels je reviens généralement de ces tournées plus vivant et
164 1243 842 1350 plus confiant qu’auparavant.
580 1335 1623 1454 Et d'abord un verre de vin blanc ! Ce n’est
168 1403 1689 1540 pourtant pas le pays ; demain, à Châtaigne, je serai à la source
151 1480 1623 1612 même des meilleurs crus ; mais celui de Sceaux-s/Huisnes vient
155 1559 1666 1691 des environs et il ne ressemble à rien de ce qu'on boit à Paris.
151 1634 1700 1774 Il est clair, sec, pétillant, sentant la pierre, le sol, la racine
160 1713 1689 1853 et non l’industrie des champagnes de restaurant. En même temps se
153 1794 1678 1928 présentent les hors d’œuvre et, en première ligne, les rillettes
151 1866 1698 2007 dont aucune espèce de récit ne vous permettra d’imaginer le parfum
145 1949 1696 2077 et de savourer les surprises. Tout dépend du soin de la femme qui
151 2026 1623 2163 a su choisir les meilleurs reliefs d’un porc frais et les faire
153 2097 1640 2237 cuire, bien cuire, ni trop ni trop peu, puis refroidir, puis les
160 2173 1715 2297 mettre en pot et les conserver le temps qu’il faut sous leur graisse
