1920 2560
906 189 1043 320 - 2 -
548 347 1847 486 Je prends l'exemple le plus actuel, celui de PAINLEVÉ:.
360 424 1717 546 Ses adversaires, en d’autres termes, les gens du monde, les
360 505 1802 625 chauvins, des généraux, chefs de bureau aigris voulaient l'at-
364 590 1832 712 teindre et,à travers lui, le régime. Ils prétendaient le charger
343 665 1792 785 de la responsabilité de toutes les déceptions de la guerre. Les
352 742 1849 881 Etats-Majors et les généraux seraient vainqueurs depuis longtemps,
352 821 1774 938 disaient-ils, s’ils n’étaient pas sans cesse contrariés, para-
334 893 1849 1024 lysés par le Ministre et par les parlementaires qui le soutiennent
334 972 1708 1098 c’est ce qu’ils impriment tous les jours, matin et soir, ce
352 1053 1800 1175 qu'on imprime encore dans tous les journaux bien pensants et mê-
345 1128 1764 1254 me dans pas mal de journaux républicains défaillants, (le plus
343 1211 1766 1329 grand nombre, car il n'y a rien à gagner du côté du service de
341 1277 1698 1405 la démocratie, et dès qu’un journal républicain réussit, il
315 1358 1755 1484 passe généralement, sans qu'on s’en doute, dans l'autre camp. )
507 1440 1783 1557 Mais le public à la longue a fini par XX être en défian-
328 1514 1651 1627 ce ; l'Affaire DREYFUS, l'Affaire MALVY, l'Affaire CAILLAUX
328 1591 1497 1700 l'ont inquiété ; il a des doutes. Alors que fait-on?
503 1670 1772 1787 Trois ou quatre journalistes connus de Paris, - je pour-
328 1740 1760 1862 rais les nommer, - parmi ceux qui ont toujours suscité des polé-
315 1813 1738 1932 miques et la discorde nationale et internationale, - se mettent
313 1888 1749 2009 d’accord pour s’emparer d’un fait qui leur est signalé par quel-
298 1960 1708 2088 que bureau, quelque état-major, (je n'ose pas dire par quelque
315 2041 1687 2171 grand chef,) et ils se chargent d’en faire le point de départ
