1920 2560
878 115 1028 200 - 2 -
266 236 1879 426 part et d’autre, nos précautions les plus strictes d’accord avec
270 339 1777 501 le personnel d’élite dont vous disposez, sous la direction de
258 418 727 529 Miss MATTHEWS, pour
492 518 1894 672 1° - que la dépense ne dépasse pas le chiffre forfaitaire
243 590 1830 753 que vous indiquez de 2.000 francs et qui me paraît raisonnable.
471 697 1888 840 2° - que votre personnel et celui de la DOTATION, surtout
256 761 1856 921 au début, pendant la période de transition, ne se confondent pas.
480 859 1794 994 Pour être unis, vivons indépendants. C’est en évitant
236 934 1817 1085 le désordre habituel à tant d’administrations et en imposant des
256 1017 1783 1169 règles rigoureusement observées, jusqu’ici, de bonne tenue que
245 1102 1832 1252 nous avons éloigné la malveillance et l’indiscrétion du public et
245 1194 1862 1333 de la presse, nors de chez nous. Le jour où cette tenue fera place
245 1277 1819 1414 au laissez aller inévitable dans un local où les responsabilités
245 1350 1826 1499 seraient confondues, alors nous ne serons plus chez nous, ni l'un
228 1431 1467 1561 ni l’autre, et tout le monde y sera à notre place.
443 1521 1779 1668 Nous nous comprenons, mon cher Président et ami, soyez
226 1591 1753 1747 chez vous à nos côtés, rue Pierre-Curie et prospérez ; c’est là
232 1676 1028 1792 toute la condition de notre bail.
842 1821 1568 1937 votre affectueusement dévoué,
17 1928 529 2043 Monsieur Paul APPELL
870 1905 1514 2024 ££
34 2094 1736 2263 P. S. - Pour alléger la contribution du Bureau de la DOTATION CARNEGIE,
211 2182 1838 2348 j’ai pensé qu’il convenait de lui adjoindre celle de la Conciliation
