1920 2560
1002 68 1177 164 - 27 -
260 206 1909 345 pantalon rouge, comme avant la guerre, comme sous le Premier Empire
253 281 1851 428 c’est charmant et c’est désolant ; c'est toujours à recommencer;
234 375 1856 509 c'est un nid de militarisme et de tout ce que je combats. Raison
245 462 1830 597 de plus pour m’obstiner dans ma tâche. J'en ai été, cette fois
247 546 546 654 récompensé.
691 659 1860 755 Mon Comice, dont on prédisait l'échec, a parfai-
262 718 1856 842 tement réussi ; la journée, plus bele que celle du Dimanche pré-
256 804 1785 925 cédent, s'est passée admirablement. On n’avait jamais tant vu
245 883 1736 1013 de monde dans les rues, sur les places. Les visages étaient
307 962 484 1002 ££
260 972 1512 1079 souraients. La fête a duré très tard dans la nuit.
661 1068 1868 1171 Je rentre à Paris maintenant, la conscience tran-
260 1137 1862 1254 quille. J'ai rattrapé le temps que j'avais consacré à mes voyages
245 1213 1819 1329 aux Etats-Unis et en Angleterre. J'ai dû renoncer à me rendre à
270 1292 1796 1410 Genève où m’appelait avec insistance l'Union Interparlementaire
258 1376 1642 1482 et nous avons ajourné la réunion des Associations pour la
262 1448 1811 1570 société des Nations qui devait se tenir à Bruxelles. Maintenant,
262 1529 1774 1651 une fois réinstallé à Paris, aussitôt le traité de paix ratifié,
253 1606 1847 1725 pour ce qu'il vaut, et la période des élections ouvertes, je pourrai
262 1687 1704 1806 me diriger dans la Sarthe et faire face aux difficultés d'une
256 1762 1753 1879 situation compliquée, sans doute, et même très ingrate, mais où
258 1841 1811 1958 je vois clair. C'est le principal.- Voilà mon voyage fini.- Vous
270 1911 1169 2018 en avez la primeur,pour vous tout seul.
1030 2011 1700 2107 Votre affectueusement dévoué
1043 2075 1657 2184 ££
134 2165 1740 2286 13 Octobre.- P.S.- J'ajouta en post-scriptum ceci: rentré à Paris
262 2220 1681 2336 le 7 Octobre, j'ai commencé par prendre part, au Sénat, à la
