1920 2560
900 38 1034 119 - 5 -
166 179 1815 309 confiance que vous m’avez témoignée, depuis bientôt vingt années,
138 283 1792 392 et vos actives sympathies pour mon long effort. Combien je suis
136 369 1457 475 plus fier de cet effort qu’humilié de mon échec!...
657 471 1768 561 Et maintenant, en campagne de nouveau pour
140 541 1674 642 les élections sénatoriales du 11 Janvier. Là c’est un autre
147 629 1732 731 collège électoral€è€ beaucoup de républicains attaqués comme moi
140 721 1785 814 sans merci, me soutiendront. Ils me connaissent. Mais ce n'est
136 808 1685 902 pas à la pleine lumière d'un combat loyal qu'on n’attaquera ;
136 896 1734 985 c'est par des manoeuvres lancées pour faire perdre la tête, ne
160 979 1742 1088 fut-ce qu'un instant, au corps électoral. Et ces manoeuvres me
138 1066 1674 1158 répugnent au point que je ne puis ni les prévoir ni même m'y
153 1152 1162 1254 intéresser. C'est ma grande faiblesse.
949 1275 1664 1403 Votre affectueusement dévoué,
900 1405 1585 1544 ££ ££ ££
34 1730 1216 1834 à Monsieur le Président Nicholas Murray BUTLER,
580 1815 795 1915 NEW-YORK.
