1920 2560
128 168 430 352 SÉNAT
930 108 1269 238 LETTRE N° 571.
1222 347 1783 458 PARIS, 13 octobre 1919.
448 512 1589 667 AUTRES ARGUMENTS POUR SERVIR à la RÉDACTION DE
823 629 1186 712 MON LIVRE SUR:
654 691 1435 810 "LA FAILLITE DE LA GUERRE ".
460 757 1666 883 EXCELLENT DISCOURS DE M.BOURGEOIS. - L'AFFICHAGE.-
334 832 1764 966 LE TRAIT DE PAIX EST CRITIOUÉ MAIS VOTÉ PAR LE SÉNAT, POUR
341 930 1672 1036 LEURS, FAIT LE PROCÈS DES DIRIGEANTS. SANS PENSER QU'IL
341 893 1766 1013 EN FINIR.- M. CLEMENCEAU, DANS UN DE SES DISCOURS LES MEIL-
343 1015 590 1085 LA GUERRE.
341 974 1721 1094 CONDAMNE TOUS CEUX QUI ONT DESIRE ou N'ONT PAS SU PRÉVENIR
320 1102 1742 1258 RÉSUME MON POINT DE VUE: CE QU'ON REPROCHE AU TRAITE N'EST
576 1085 1740 1198 DANS UN DISCOURS QU'IL QUALIFIE DE VIRULENT, JE
330 1177 1092 1267 AUTRE QUE LE FAIT DE LA GUERRE.
955 1390 1365 1486 Mon cher Butler,
650 1540 1774 1659 En trois séances, le Sénat a voté, les 9, 10 et
236 1595 1766 1728 11 de ce mois, l’approbation du Traité de paix. A quand le tour
226 1681 637 1774 des Etats-Unis ?
627 1774 1774 1892 La première séance a débutée par un important et
238 1834 1740 1969 très beau discours de M. Léon Bourgeois, complétant son rapport,
209 1922 1715 2043 que vous avez. Vous en trouverez le texte dans le compte-rendu
224 1994 1751 2122 que je vous envoie du "Journal officiel". Je considère comme es-
215 2080 1740 2210 sentiel que vous possédiez dans vos archives cette collection de
19 2282 1124 2414 à Monsieur le Président Nicholas Murray BUTLER.
