1920 2560
921 83 1073 162 - 20 -
204 194 1781 369 le vin blanc, qui ne gâte rien. L'apparition est impressionnante.
194 266 1734 443 Rôti au feu de bois, sous la surveillance magistrale d’une femme
179 366 1674 520 qui connaît les moindres nuances et sait par expérience qu'on
192 448 1676 595 devient cuisinière mais qu'on nait rôtisseur, ce gigot grille
177 529 1702 684 encore sur le plat où il se présente, croustillant, XXXX. Je
160 603 1646 755 réclame l'honneur de le découper, car on ne mange bien que le
151 684 1614 829 rôti, perdreau, faisan, poulet, ouie ou dindon, ou viande de
962 721 1036 757 ££
151 770 1702 923 boucherie,-qu'on découpe soi-même ou qu'on vous découpe sous vos
160 853 1753 1006 yeux ; et alors, mon pauvre Butler, je ne me console plus de votre
168 930 1723 1083 absence ; vous n’aurez jamais une idée des déjeuners que je fais
168 1011 1728 1160 sans vous, tandis que mes amis me plaignent de tant de fatigues et
160 1090 1685 1243 s’apitoyant sur l’excès de mon zèle ; - vous ne saurez jamais ce
157 1173 1657 1316 que fut ce gigot brûlant et rose, et non saignant, et le miracle
157 1252 1678 1401 qui, reléguant dans le passé tout ce qui l’avait précédé, me fit
153 1324 1774 1482 croire que le déjeuner alors seulement commençait.... Parler des ££tendres££
151 1408 1612 1553 aricots XXXX qui vinrent ensuite se marier aux tranches de
142 1484 1676 1636 gigot sur nos assiettes, et discrètement former une sauce ni trop
134 1550 1666 1715 épaisse ni trop claire, c’est impossible,- non plus que du reste
142 1638 1649 1798 et du fromage et des fruits, et des gâteaux et des crêmes, et du
142 1713 1691 1866 café et des liqueurs.- Des fruits pourtant il me faut dire un mot
128 1794 1632 1941 car je les ai retrouvés partout où chacun de mes amis, cultivant
134 1868 1651 2022 son jardin amoureusement,y récolte avec les légumes, les salades
704 1879 776 1917 les
134 1943 1529 2094 qu'on ne cueille qu’au moment même des repas ; ces fruits ne
134 2020 1597 2165 paient pas toujours de mine ; ils sont comme nos paysans qui ne
117 2090 1604 2244 prétendent pas à la beauté, mais, ô surprise, quand on les ouvre
100 2165 1617 2321 ou quand on les coupe, ils embaument; ils ont leur bouquet, comme
