1920 2560
844 74 1017 181 - 15 -
189 247 1704 377 semblait appelé à rendre encore ; sans doute les populations
185 328 1753 467 avaient été consternées le jour où leur représentant avait été
192 411 1749 552 accusé, par ses adversaires politiques, XXX du pire des crimes
183 497 1826 640 contre la France. Ce fut un coup terrible et nul ne voulut croire
172 582 1817 725 d’abord qu’une pareille accusation pût être inspirée seulement par
166 659 1809 810 le désir de faire disparaître un homme, comme autrefois. Cependant
172 753 1794 898 le procès ne se jugeait pas. Le Conseil de Guerre, seul compétent,
177 806 1723 966 semblait-il pour faire justice, en temps de guerre du crime de
170 893 1689 1049 haute trahison, se déroba ; les preuves de la culpabilité n'é-
168 966 1794 1139 taient donc pas suffisantes pour faire assumer aux chefs de l’armée
160 1068 1794 1220 la responsabilité d'une condamnation ; et c'est alors que fut sais,
168 1132 1794 1307 le Sénat, la Cour Suprême. Mais le Sénat, à son tour, ne se presse
162 1211 1674 1378 pas de se prononcer et peu à peu l’impression se répand que le
151 1286 1768 1465 crime de M. Caillaux serait d’avoir empêché la guerre, en 1911, et
151 1369 1760 1550 par là sauvé la France, alors isolée. On sait en outre qu'il avait
147 1450 1706 1621 préparé, envers et contre tous, pendant la paix, une réforme fi-
140 1538 1672 1698 nancière qui, si elle avait été appliquée, aurait rendu grand
142 1617 1642 1772 service et pendant et après la guerre. Les esprits ainsi sont
145 1706 1691 1862 troublés et finalement chacun m’assure, à la/veille des élections
153 1770 1617 1934 qui se préparent, que M. Caillaux sera réélu, même en prison,
142 1849 1632 2011 par ses électeurs fidèles de l’arrondissement de Mamers. Mais
134 1924 1755 2082 s’il en est ainsi, ce serait trop simple. A la grande joie de ceux
140 2003 1666 2161 qui veulent ajourner le jugement à tout jamais, ou tout au moins
140 2075 1666 2231 après les él(e)ctions, voilà que revient en discussion au Parlement
132 2152 1706 2325 la fameuse réforme électorale. Ce n'est plus un arrondissement qui
