<?xml version="1.0" encoding="UTF-8"?>
<alto xmlns:xsi="http://www.w3.org/2001/XMLSchema-instance"
	  xmlns="http://www.loc.gov/standards/alto/ns-v4#"
	  xsi:schemaLocation="http://www.loc.gov/standards/alto/ns-v4# https://gitlab.inria.fr/scripta/escriptorium/-/raw/develop/app/escriptorium/static/alto-4-1-baselines.xsd">
  <Description>
	<MeasurementUnit>pixel</MeasurementUnit>
	<sourceImageInformation>
	  <fileName>P1190683.JPG</fileName>
	</sourceImageInformation>
  </Description>
  <Layout>
    <Page WIDTH="1920" HEIGHT="2560" PHYSICAL_IMG_NR="14" ID="eSc_dummypage_">
      <PrintSpace HPOS="0" VPOS="0" WIDTH="1920" HEIGHT="2560">
        
        <TextBlock ID="eSc_dummyblock_">
	      <TextLine ID="eSc_line_227706" BASELINE="938 134 1024 145 1113 134" HPOS="938.0" VPOS="87.0" WIDTH="175.0" HEIGHT="94.0">
            <Shape>
              <Polygon POINTS="938 134 940 104 983 87 1002 106 1030 96 1081 123 1107 108 1113 134 1081 168 1045 162 1009 181 974 162 957 164 940 147"/>
            </Shape>
	        <String CONTENT="- 2 -" HPOS="938.0" VPOS="87.0" WIDTH="175.0" HEIGHT="94.0"></String>
          </TextLine>
        
        
	      <TextLine ID="eSc_line_227707" BASELINE="718 294 836 302 910 300 938 307 985 311 1201 309 1250 313 1363 315 1842 323" HPOS="716.0" VPOS="238.0" WIDTH="1125.0" HEIGHT="118.0">
            <Shape>
              <Polygon POINTS="716 292 718 256 733 243 780 264 853 258 864 268 874 260 904 283 947 247 951 253 979 238 1002 264 1060 288 1096 264 1120 283 1147 270 1173 283 1209 277 1237 288 1258 266 1294 283 1350 260 1371 275 1393 270 1429 283 1448 268 1465 285 1499 275 1518 294 1542 270 1602 285 1617 275 1640 283 1704 251 1719 270 1740 260 1757 279 1774 273 1800 290 1834 290 1841 322 1834 354 1772 352 1764 343 1757 349 1713 326 1698 341 1676 334 1629 347 1614 337 1580 337 1572 345 1525 337 1508 347 1425 337 1354 347 1318 337 1294 341 1284 330 1248 343 1228 328 1188 343 1158 337 1132 356 1068 324 1041 345 1011 339 992 320 974 332 923 334 900 313 881 328 800 326 782 311 765 324 718 313"/>
            </Shape>
	        <String CONTENT="Et dire que la France a tellement dans le sang," HPOS="716.0" VPOS="238.0" WIDTH="1125.0" HEIGHT="118.0"></String>
          </TextLine>
        
        
	      <TextLine ID="eSc_line_227708" BASELINE="324 356 467 354 520 362 541 360 635 371 680 371 712 379 834 379 870 388 1115 386 1230 396 1832 394 1873 407" HPOS="322.0" VPOS="300.0" WIDTH="1548.0" HEIGHT="135.0">
            <Shape>
              <Polygon POINTS="322 354 324 307 332 300 381 322 428 322 441 313 492 337 531 322 552 334 567 330 588 347 635 328 674 326 710 341 725 332 802 369 825 352 859 349 881 352 900 369 945 349 1019 358 1053 349 1109 362 1124 349 1209 366 1235 356 1254 362 1282 339 1348 352 1403 345 1425 362 1452 345 1497 345 1529 358 1563 343 1585 358 1640 362 1659 347 1693 343 1760 373 1785 358 1811 373 1866 358 1870 405 1860 428 1838 435 1828 426 1781 424 1764 409 1747 420 1704 420 1691 411 1661 418 1642 405 1604 426 1593 418 1557 426 1521 418 1495 426 1314 420 1301 428 1280 411 1237 424 1205 405 1184 422 1134 407 1115 424 1081 411 1030 411 1019 420 972 420 947 407 915 413 898 398 883 411 840 416 817 403 774 413 763 405 699 401 667 413 622 392 610 398 584 377 569 390 535 390 492 375 467 386 430 377 381 384 364 371 326 371"/>
            </Shape>
	        <String CONTENT="depuis des siècles, ces surprises de la destinée ; elle a vu tant" HPOS="322.0" VPOS="300.0" WIDTH="1548.0" HEIGHT="135.0"></String>
          </TextLine>
        
        
	      <TextLine ID="eSc_line_227709" BASELINE="317 433 349 439 392 439 441 435 512 450 561 445 616 456 689 454 787 465 987 462 1077 471 1126 471 1874 485" HPOS="315.0" VPOS="394.0" WIDTH="1558.0" HEIGHT="120.0">
            <Shape>
              <Polygon POINTS="315 430 328 409 362 394 396 411 420 401 439 413 467 398 480 409 499 407 518 424 561 413 588 433 612 416 625 426 659 418 689 441 718 424 774 430 810 420 825 433 851 426 859 435 876 428 981 437 994 450 1019 433 1096 441 1113 430 1128 443 1164 437 1188 445 1207 435 1233 450 1280 435 1326 462 1354 443 1467 445 1491 428 1525 454 1548 439 1623 441 1640 454 1655 443 1691 441 1806 460 1834 439 1851 452 1866 448 1873 484 1864 514 1821 514 1802 499 1789 509 1755 492 1730 507 1672 507 1642 486 1621 501 1555 505 1521 488 1493 509 1459 501 1446 512 1431 501 1348 507 1326 499 1269 503 1230 490 1216 501 1145 494 1126 505 1088 499 1064 480 1024 505 992 482 934 492 851 488 827 505 789 486 740 484 718 494 693 494 676 480 618 486 586 462 563 480 537 482 512 462 497 473 413 467 392 448 371 465 320 452"/>
            </Shape>
	        <String CONTENT="et tant de ces conséquences de toutes les guerres dont elle a été" HPOS="315.0" VPOS="394.0" WIDTH="1558.0" HEIGHT="120.0"></String>
          </TextLine>
        
        
	      <TextLine ID="eSc_line_227710" BASELINE="315 518 561 533 584 531 631 539 740 539 763 541 797 550 1098 548 1162 554 1271 554 1292 558 1708 558" HPOS="315.0" VPOS="484.0" WIDTH="1393.0" HEIGHT="111.0">
            <Shape>
              <Polygon POINTS="315 518 317 494 330 484 396 501 430 490 469 503 514 501 539 516 567 494 588 497 608 516 627 499 648 512 672 501 757 503 768 514 778 507 800 516 817 535 840 516 885 509 1011 522 1045 494 1083 512 1105 497 1141 503 1158 520 1211 526 1224 537 1254 514 1269 526 1286 520 1309 533 1344 518 1354 526 1397 518 1418 537 1461 522 1493 544 1523 520 1548 526 1559 518 1578 531 1627 524 1640 537 1676 522 1704 529 1708 558 1693 584 1640 569 1617 584 1574 590 1510 582 1495 571 1448 588 1418 576 1397 590 1380 584 1367 595 1307 571 1254 590 1233 571 1209 586 1164 573 1053 582 1015 563 1002 576 970 582 898 563 887 573 849 580 827 561 795 580 780 567 706 573 646 563 633 571 612 550 599 561 571 561 541 548 507 573 484 554 473 565 443 550 420 558 386 533 343 556 317 541"/>
            </Shape>
	        <String CONTENT="le champ de bataille, qu&#39;elle trouvera en elle la force de" HPOS="315.0" VPOS="484.0" WIDTH="1393.0" HEIGHT="111.0"></String>
          </TextLine>
        
        
	      <TextLine ID="eSc_line_227711" BASELINE="324 610 484 614 546 618 618 616 642 622 716 627 930 635 1173 633 1194 637 1341 640 1384 644 1789 642 1846 646" HPOS="322.0" VPOS="567.0" WIDTH="1523.0" HEIGHT="122.0">
            <Shape>
              <Polygon POINTS="322 608 324 584 337 573 354 580 379 567 396 582 439 571 452 580 469 576 488 590 514 576 522 584 567 586 586 603 610 586 644 595 682 588 706 603 731 586 776 605 797 588 883 601 898 612 915 599 974 601 992 593 1017 595 1043 612 1064 601 1094 603 1122 582 1149 605 1209 605 1245 620 1262 608 1303 603 1380 612 1410 599 1427 614 1442 601 1469 610 1484 599 1499 612 1523 603 1561 622 1585 605 1629 616 1644 603 1676 599 1693 614 1710 601 1736 622 1762 603 1789 616 1828 614 1845 644 1838 665 1819 680 1811 672 1732 661 1687 678 1640 657 1589 674 1568 654 1548 672 1504 663 1303 676 1286 661 1252 654 1228 669 1143 661 1098 689 1036 646 1017 661 966 646 936 657 898 642 876 657 789 657 776 646 746 654 704 635 646 654 593 642 571 657 556 644 548 650 541 642 497 637 439 637 424 650 371 633 326 637"/>
            </Shape>
	        <String CONTENT="réagir une fois de plus et de refaire, malgré tout, sa foi dans" HPOS="322.0" VPOS="567.0" WIDTH="1523.0" HEIGHT="122.0"></String>
          </TextLine>
        
        
	      <TextLine ID="eSc_line_227712" BASELINE="334 695 418 695 552 704 627 701 678 706 731 710 970 712 1045 716 1171 721 1523 718 1685 729 1782 729" HPOS="332.0" VPOS="654.0" WIDTH="1449.0" HEIGHT="105.0">
            <Shape>
              <Polygon POINTS="332 693 334 663 377 663 390 676 422 654 439 663 475 657 494 669 512 661 563 695 601 667 657 684 678 665 714 672 725 663 755 680 780 674 800 691 821 674 861 676 876 667 896 682 934 684 994 674 1019 691 1058 676 1130 695 1147 682 1186 691 1235 686 1252 701 1267 691 1326 682 1352 695 1361 686 1429 691 1446 706 1463 693 1501 691 1538 693 1561 706 1591 680 1606 693 1621 684 1634 697 1681 689 1704 697 1764 684 1777 693 1781 727 1770 750 1734 755 1674 746 1589 750 1570 733 1529 757 1454 746 1440 759 1408 748 1397 757 1324 748 1284 759 1260 744 1216 757 1203 748 1192 757 1175 753 1162 742 1102 753 1053 742 1030 748 1000 736 881 736 849 723 817 736 802 725 778 744 759 731 682 731 657 721 646 731 608 733 578 706 539 731 486 725 475 733 435 721 418 729 394 710 337 725"/>
            </Shape>
	        <String CONTENT="un idéal. Un idéal d’autant plus haut qu’elle aura traversé" HPOS="332.0" VPOS="654.0" WIDTH="1449.0" HEIGHT="105.0"></String>
          </TextLine>
        
        
	      <TextLine ID="eSc_line_227713" BASELINE="332 778 454 785 477 789 684 787 706 789 776 795 910 795 985 806 1337 804 1393 810 1557 810 1627 814 1760 810" HPOS="330.0" VPOS="746.0" WIDTH="1430.0" HEIGHT="103.0">
            <Shape>
              <Polygon POINTS="330 776 334 750 362 746 422 750 439 765 462 750 497 753 512 765 524 755 599 759 625 748 689 761 704 748 714 761 782 763 797 776 849 757 872 776 928 759 947 770 970 763 989 780 1011 761 1051 768 1073 753 1096 774 1181 774 1192 765 1213 776 1233 772 1277 800 1337 772 1403 780 1433 797 1486 772 1550 780 1565 793 1600 772 1636 789 1661 778 1736 778 1760 808 1753 846 1706 836 1664 844 1634 821 1589 844 1563 823 1548 836 1512 834 1493 849 1480 838 1452 846 1444 838 1405 842 1365 832 1335 840 1290 814 1250 840 1218 825 1201 834 1077 834 1041 814 1017 823 989 808 968 823 908 821 898 829 868 814 855 823 829 817 821 825 800 806 780 819 729 823 701 814 654 821 642 810 586 821 567 810 529 814 512 797 475 808 441 800 422 817 413 808 354 808 334 817"/>
            </Shape>
	        <String CONTENT="plus de souffrances et plus d’épreuves. Mais, plus je vais," HPOS="330.0" VPOS="746.0" WIDTH="1430.0" HEIGHT="103.0"></String>
          </TextLine>
        
        
	      <TextLine ID="eSc_line_227714" BASELINE="324 861 590 874 761 872 859 883 1113 881 1256 891 1499 889 1521 893 1595 896 1621 900 1822 896" HPOS="322.0" VPOS="821.0" WIDTH="1499.0" HEIGHT="113.0">
            <Shape>
              <Polygon POINTS="322 859 328 834 347 834 362 821 377 834 416 829 439 849 462 832 507 842 533 834 567 840 578 832 603 842 721 838 753 859 776 842 802 842 823 829 851 851 878 851 902 834 949 844 962 857 981 844 1002 853 1062 846 1085 866 1100 853 1156 864 1239 851 1258 859 1275 846 1303 866 1346 844 1371 859 1403 851 1431 866 1506 855 1546 864 1580 853 1627 883 1676 853 1689 864 1721 857 1749 876 1777 859 1804 868 1821 896 1815 923 1777 925 1749 915 1685 923 1638 908 1602 934 1585 921 1542 915 1318 915 1294 902 1280 913 1194 906 1179 917 1149 902 1109 913 1081 893 1066 904 994 906 964 885 934 908 902 898 866 913 821 889 782 906 746 887 706 902 661 902 644 891 608 902 563 891 533 900 516 885 473 900 435 881 401 893 326 893"/>
            </Shape>
	        <String CONTENT="plus je comprends qu’après tout ce passé déconcertant, elle ne" HPOS="322.0" VPOS="821.0" WIDTH="1499.0" HEIGHT="113.0"></String>
          </TextLine>
        
        
	      <TextLine ID="eSc_line_227721" BASELINE="324 949 482 949 507 953 631 955 659 960 887 964 1111 968 1192 966 1237 977 1429 974 1542 977 1570 981 1691 985 1796 985" HPOS="322.0" VPOS="904.0" WIDTH="1472.0" HEIGHT="111.0">
            <Shape>
              <Polygon POINTS="322 947 324 919 332 915 465 917 486 925 526 904 552 921 584 921 605 908 642 928 674 919 697 934 742 921 793 942 808 930 855 932 868 923 885 932 893 923 960 945 1130 936 1184 942 1198 955 1220 942 1346 945 1386 966 1405 949 1433 942 1467 966 1484 953 1525 953 1536 942 1572 949 1595 934 1623 955 1638 949 1659 964 1689 947 1713 957 1770 951 1789 962 1794 983 1783 1009 1691 1009 1655 996 1629 1009 1600 1004 1589 1015 1542 994 1493 1011 1463 989 1448 1002 1429 996 1414 1004 1388 989 1358 1006 1312 996 1275 1004 1267 994 1216 998 1198 983 1177 996 1122 994 1102 983 977 989 964 979 942 996 883 981 851 981 834 992 789 970 761 996 740 979 701 968 659 977 644 989 616 974 556 989 537 974 475 985 448 970 390 970 379 979 358 970 345 981 326 974"/>
            </Shape>
	        <String CONTENT="puisse pas être une nation comme les autres, et qu’elle fasse" HPOS="322.0" VPOS="904.0" WIDTH="1472.0" HEIGHT="111.0"></String>
          </TextLine>
        
        
	      <TextLine ID="eSc_line_227722" BASELINE="324 1021 375 1032 544 1036 612 1034 701 1045 855 1043 974 1051 1128 1051 1190 1058 1211 1064 1297 1060 1482 1062 1531 1070 1802 1070" HPOS="322.0" VPOS="989.0" WIDTH="1478.0" HEIGHT="116.0">
            <Shape>
              <Polygon POINTS="322 1019 334 989 360 1013 377 1000 435 1015 462 1000 514 1000 550 1017 571 1006 665 1015 748 1006 804 1021 825 1017 842 1028 889 1013 913 1028 936 1013 994 1026 1009 1017 1036 1026 1060 1017 1096 1028 1124 1017 1226 1038 1258 1026 1277 1028 1292 1043 1333 1030 1410 1030 1469 1058 1512 1021 1559 1051 1589 1034 1623 1041 1646 1032 1678 1051 1693 1041 1787 1045 1800 1068 1794 1092 1770 1105 1755 1096 1732 1105 1721 1096 1689 1102 1653 1090 1576 1094 1561 1081 1527 1096 1476 1066 1433 1098 1408 1083 1312 1090 1297 1077 1258 1092 1226 1070 1209 1083 1134 1085 1102 1075 1075 1092 1038 1075 992 1081 964 1064 940 1079 917 1070 898 1079 840 1056 819 1073 712 1064 652 1077 603 1060 569 1064 550 1049 537 1060 473 1064 437 1047 422 1060 398 1062 366 1047 349 1060 326 1053"/>
            </Shape>
	        <String CONTENT="à la fois le scandale et l&#39;admiration du monde. Il faut pour-" HPOS="322.0" VPOS="989.0" WIDTH="1478.0" HEIGHT="116.0"></String>
          </TextLine>
        
        
	      <TextLine ID="eSc_line_227715" BASELINE="315 1115 352 1111 450 1111 473 1115 531 1115 582 1122 721 1120 812 1130 1013 1130 1248 1139 1316 1143 1352 1145 1576 1145 1621 1152 1700 1156 1815 1154 1847 1158" HPOS="313.0" VPOS="1075.0" WIDTH="1532.0" HEIGHT="132.0">
            <Shape>
              <Polygon POINTS="313 1113 317 1092 332 1081 384 1085 403 1075 437 1096 509 1085 524 1100 544 1088 576 1092 586 1083 601 1096 684 1096 706 1088 740 1100 945 1096 994 1102 1004 1113 1111 1105 1126 1117 1154 1109 1198 1122 1245 1102 1299 1115 1341 1105 1405 1126 1437 1113 1538 1120 1555 1130 1606 1117 1655 1134 1681 1117 1719 1122 1736 1113 1779 1130 1817 1124 1845 1156 1836 1198 1824 1207 1792 1179 1755 1192 1732 1188 1721 1175 1689 1186 1653 1171 1627 1192 1610 1179 1570 1196 1544 1179 1533 1188 1512 1171 1495 1186 1482 1177 1461 1190 1446 1177 1416 1188 1358 1188 1326 1162 1245 1164 1198 1152 1179 1162 1143 1162 1120 1145 1073 1162 1041 1156 1026 1169 1000 1147 964 1152 951 1162 940 1154 885 1184 853 1181 836 1166 808 1188 761 1181 731 1160 710 1177 659 1177 599 1132 576 1149 552 1143 537 1154 516 1134 458 1149 433 1128 413 1143 396 1139 362 1156 317 1124"/>
            </Shape>
	        <String CONTENT="tant que le monde s’organise pour la défendre comme son rempart," HPOS="313.0" VPOS="1075.0" WIDTH="1532.0" HEIGHT="132.0"></String>
          </TextLine>
        
        
	      <TextLine ID="eSc_line_227716" BASELINE="315 1192 375 1198 499 1196 661 1207 774 1205 870 1209 915 1216 1013 1216 1089 1218 1350 1228 1429 1233 1614 1230 1693 1235 1736 1243" HPOS="313.0" VPOS="1164.0" WIDTH="1421.0" HEIGHT="120.0">
            <Shape>
              <Polygon POINTS="313 1190 317 1173 337 1164 405 1175 418 1166 445 1173 571 1164 637 1192 669 1177 742 1175 810 1190 840 1173 853 1186 891 1184 908 1198 923 1186 977 1184 1060 1186 1096 1203 1143 1190 1252 1201 1269 1190 1320 1201 1337 1213 1363 1190 1376 1203 1399 1203 1418 1186 1472 1207 1531 1201 1548 1209 1700 1209 1728 1220 1734 1241 1725 1284 1700 1260 1674 1273 1614 1260 1476 1262 1459 1248 1422 1258 1408 1245 1378 1258 1337 1241 1314 1258 1303 1250 1269 1256 1254 1248 1198 1254 1184 1243 1152 1252 1139 1243 1115 1248 1096 1233 1062 1250 1049 1241 989 1245 970 1237 930 1239 908 1224 878 1241 838 1239 812 1222 787 1237 744 1239 729 1230 718 1241 704 1230 669 1237 648 1218 622 1235 601 1226 563 1235 554 1226 484 1230 473 1222 454 1228 386 1218 352 1228 315 1216"/>
            </Shape>
	        <String CONTENT="son bouclier, contre les retours offensifs de l’autocratie." HPOS="313.0" VPOS="1164.0" WIDTH="1421.0" HEIGHT="120.0"></String>
          </TextLine>
        
        
	      <TextLine ID="eSc_line_227719" BASELINE="861 1335 996 1333 1083 1346 1154 1341 1277 1341 1376 1352 1489 1352 1574 1346" HPOS="859.0" VPOS="1288.0" WIDTH="713.0" HEIGHT="107.0">
            <Shape>
              <Polygon POINTS="859 1333 864 1305 883 1288 906 1301 949 1294 1004 1318 1053 1301 1105 1303 1115 1314 1331 1322 1354 1309 1380 1326 1408 1314 1429 1320 1442 1309 1461 1326 1518 1324 1540 1314 1572 1344 1565 1384 1542 1395 1508 1380 1491 1390 1469 1380 1408 1386 1369 1376 1318 1384 1245 1371 1209 1371 1201 1380 1160 1371 1141 1386 1107 1367 1094 1373 1006 1361 998 1369 951 1378 940 1369 913 1382 861 1354"/>
            </Shape>
	        <String CONTENT="Votre affectueusement dévoué," HPOS="859.0" VPOS="1288.0" WIDTH="713.0" HEIGHT="107.0"></String>
          </TextLine>
        
        
	      <TextLine ID="eSc_line_227717" BASELINE="866 1491 989 1486 1085 1491 1260 1491 1305 1497 1666 1514" HPOS="864.0" VPOS="1425.0" WIDTH="800.0" HEIGHT="138.0">
            <Shape>
              <Polygon POINTS="864 1489 868 1463 881 1472 906 1465 930 1484 974 1448 994 1446 1004 1457 1058 1425 1111 1478 1124 1465 1162 1465 1235 1480 1271 1457 1305 1474 1331 1457 1358 1486 1388 1465 1422 1495 1461 1474 1486 1491 1501 1484 1533 1497 1563 1489 1580 1472 1606 1499 1619 1491 1632 1506 1646 1497 1664 1512 1629 1512 1591 1548 1536 1546 1518 1561 1506 1548 1489 1563 1463 1553 1450 1561 1442 1550 1414 1557 1397 1544 1384 1550 1363 1542 1341 1553 1329 1540 1267 1542 1252 1527 1224 1553 1205 1531 1184 1544 1158 1518 1124 1542 1111 1533 1092 1540 1079 1527 1051 1553 1024 1521 998 1531 985 1518 970 1531 953 1525 934 1538 917 1523 900 1529 881 1521 866 1536"/>
            </Shape>
	        <String CONTENT="££ ££ ££" HPOS="864.0" VPOS="1425.0" WIDTH="800.0" HEIGHT="138.0"></String>
          </TextLine>
        
        
	      <TextLine ID="eSc_line_227718" BASELINE="153 1747 187 1742 341 1753 486 1751 627 1762 721 1762 791 1757 881 1770 1017 1770 1179 1772 1273 1779 1301 1772" HPOS="151.0" VPOS="1693.0" WIDTH="1148.0" HEIGHT="150.0">
            <Shape>
              <Polygon POINTS="151 1745 155 1700 202 1721 243 1719 251 1710 270 1721 292 1708 315 1725 345 1696 366 1708 386 1693 422 1730 456 1702 490 1736 526 1715 539 1713 552 1725 571 1708 599 1713 612 1702 669 1730 746 1725 806 1740 857 1719 887 1742 936 1713 955 1725 992 1704 1004 1719 1047 1713 1079 1725 1096 1717 1115 1732 1137 1719 1154 1728 1198 1719 1233 1730 1250 1715 1269 1732 1294 1715 1299 1770 1286 1824 1265 1815 1245 1826 1222 1809 1186 1843 1164 1821 1149 1830 1137 1815 1120 1819 1098 1802 1062 1804 1049 1815 1021 1802 977 1821 945 1804 910 1828 883 1800 864 1796 840 1815 819 1802 791 1806 776 1792 753 1806 727 1779 686 1809 661 1785 629 1794 580 1787 569 1796 561 1787 494 1781 471 1798 454 1781 443 1787 420 1779 401 1789 379 1777 358 1783 313 1774 206 1800 185 1779 174 1787 153 1770"/>
            </Shape>
	        <String CONTENT="à Monsieur le Président Nicholas Murray BUTLER," HPOS="151.0" VPOS="1693.0" WIDTH="1148.0" HEIGHT="150.0"></String>
          </TextLine>
        
        
	      <TextLine ID="eSc_line_227720" BASELINE="661 1834 840 1847 898 1843" HPOS="661.0" VPOS="1806.0" WIDTH="237.0" HEIGHT="96.0">
            <Shape>
              <Polygon POINTS="661 1834 665 1809 708 1806 755 1819 791 1809 855 1815 898 1843 889 1890 849 1902 832 1888 814 1898 800 1885 744 1879 678 1898 661 1890"/>
            </Shape>
	        <String CONTENT="NEW-YORK." HPOS="661.0" VPOS="1806.0" WIDTH="237.0" HEIGHT="96.0"></String>
          </TextLine>
        </TextBlock>
        
      </PrintSpace>
    </Page>
  </Layout>
</alto>
