1920 2560
808.0 81.0 145.0 83.0 - 7 -

610.0 224.0 1143.0 134.0 Tout cela est vrai ou discutable, mais plus on

183.0 300.0 1604.0 139.0 attendra pour les utiliser, plus elles auront perdu de leur prix;

174.0 388.0 1639.0 134.0 et le jour où l’administration se décidera à les vendre, les ache-

183.0 473.0 1587.0 137.0 teurs seront déçus et on prétendra encore que c’est la faute des

177.0 561.0 339.0 91.0 Américains !

597.0 659.0 1197.0 119.0 Il sera plus juste de d ire que c’est le résultat

187.0 729.0 781.0 113.0 de notre désordre administratif.

595.0 827.0 1058.0 113.0 Je termine, Messieurs, en vous proposant de

177.0 900.0 1604.0 132.0 protester contre ce désordre et ces négligences qui privent notre

194.0 987.0 1457.0 124.0 commerce, notre agriculture et notre industrie des moyens de

177.0 1070.0 1595.0 131.0 transports sans lesquels il ne leur sera pas possible de soutenir

174.0 1143.0 1082.0 130.0 la lutte contre des concurrents privilégiés.

584.0 1241.0 1169.0 128.0 Or cette lutte pour nous est devenue toute autre

172.0 1314.0 1560.0 136.0 chose qu'une question de bénéfices ; c’est la lutte pour la vie !

168.0 1395.0 1474.0 143.0 Sans transports, notre activité nationale, qui a tant besoin

168.0 1469.0 1560.0 141.0 d'être soutenue, sera frappée d’une véritable interdiction ; nos

160.0 1553.0 1600.0 149.0 ressources qui restent incomparables et auxquelles le monde entier

164.0 1642.0 1578.0 143.0 ne demande qu’à rendre justice après cette guerre pourvu qu’elles

162.0 1717.0 1478.0 149.0 soient mises en circulation, seront condamnées à l'isolement.

576.0 1811.0 1100.0 134.0 J’ai l’honneur de vous proposer en conséquence

160.0 1864.0 661.0 113.0 l'adoption du voeu suivant :

401.0 1954.0 1335.0 126.0 "Le Conseil Général considérant que les moyens de commu-

322.0 1996.0 1391.0 130.0 nication n'ont jamais été plus nécessaires à l'agriculture,

334.0 2048.0 1366.0 108.0 a l'industrie et au commerce français, f/ait appel au Gou-

320.0 2086.0 1376.0 107.0 vernement pour que, sans plus de retard, ces moyens soient

330.0 2120.0 1385.0 117.0 mis à la disposition du pays et lui permettent de reprendre

322.0 2161.0 1310.0 111.0 son rang dans les luttes de la concurrence. Il insiste

320.0 2199.0 1414.0 119.0 notamment pour que l'administration ne laisse pas plus long-

330.0 2233.0 1348.0 132.0 temps pourrir le stock énorme des automobiles américaines

322.0 2272.0 318.0 76.0 abandonnées".

977.0 2355.0 657.0 102.0 d'ESTOURNELLES de CONSTANT .
