1920 2560
808.0 136.0 149.0 100.0 - 4 -

228.0 273.0 1470.0 134.0 par une offense publique et dérisoire à la mémoire du mari

245.0 369.0 1587.0 113.0 mort pour la patrie; qu’on ne lui inflige pas la honte d’inscri-

245.0 456.0 1523.0 122.0 re le bâtard à son nom ; que la loi ne fasse pas de ce bâtard

256.0 544.0 1525.0 115.0 le frère légitime des enfants nés avant lui ; qu’elle ne fasse

245.0 633.0 1497.0 109.0 pas du vol et de l'outrage un droit ! Vaine démarche... Mon

238.0 714.0 1549.0 118.0 secrétaire est obligé de considérer comme vivant, et par consé-

238.0 802.0 1517.0 117.0 quent comme seul responsable, le mari absent, presque certai-

236.0 889.0 1434.0 128.0 nement mort, aussi longtemps qu’il n’aura pas été reconnu

243.0 968.0 674.0 109.0 régulièrement comme décédé.

676.0 1062.0 328.0 87.0 C'est la loi.

680.0 1149.0 1001.0 96.0 En vain Bouffard vient affirmer lui-même,

236.0 1218.0 1577.0 119.0 d'accord avec la jeune femme, sa paternité. En vain appuie-t-il

232.0 1303.0 1481.0 111.0 ainsi la démarche des grands-parents et réclame-t-il que son

247.0 1384.0 1489.0 122.0 enfant porte son nom à lui ! C’est impossible. Tout le monde

228.0 1467.0 1519.0 124.0 est d'accord pour que l'enfant du vagabond ne porte pas le nom

219.0 1540.0 1462.0 126.0 du mari disparu. C'est pourtant ce qu'on ne peut éviter et

236.0 1629.0 1442.0 118.0 l’enfant est inscrit sur les registres de l'Etat civil sous

226.0 1713.0 1450.0 117.0 le nom de Martin, fils de Martin. C'est ainsi. Et pour la

219.0 1794.0 1472.0 121.0 France peu importe, pourvu qu’elle compte un enfant de plus!

654.0 1890.0 1054.0 106.0 Les gens qui avaient essayé de s'accoutumer,

213.0 1952.0 1515.0 136.0 pendant cinquante années de paix, à des moeurs tranquilles et

238.0 2030.0 1466.0 126.0 familiales, n'o(n)t plus qu’à rire de leur naïveté d’autrefois.

215.0 2112.0 1152.0 125.0 L'absurde est devenu la loi ; c'est la guerre!
