1920 2560
881.0 34.0 192.0 147.0 - 10 -

590.0 219.0 1155.0 109.0 J’ai dit tout cela, comme je le pense et comme

177.0 311.0 1576.0 107.0 j’en souffre, non pour triompher de l’erreur anglaise, mais pour

174.0 403.0 1556.0 85.0 tenter d'en atténuer les effets en en parlant ouvertement. Mon

172.0 482.0 1609.0 111.0 langage ne pouvait prêter à aucune équivoque. C'était celui d’un

166.0 571.0 1619.0 101.0 ami de l’Angleterre adjurant les Conservateurs de ce grand pays de

181.0 652.0 1581.0 103.0 ne pas servir inconsidérément l’anarchie et la révolution, c’est-

170.0 733.0 1615.0 113.0 à-dire le recommencement de la guerre, pour la ruine définitive de

181.0 823.0 1583.0 119.0 la France, sans doute, mais pour le plus grand péril aussi de ses

174.0 900.0 357.0 104.0 alliée d'hier.

616.0 992.0 1109.0 108.0 Lord Robert Cecil a été touché de ma démarche

181.0 1068.0 1442.0 98.0 et de la peine que j'avais prise de venir à Londres pour le

174.0 1147.0 1534.0 120.0 trouver ; de même que quelques semaines auparavant M. Taft était

183.0 1235.0 1555.0 102.0 sensible à ma visite à Murray Bay. Il m'a offert de télégraphier

170.0 1305.0 1585.0 113.0 à M. Bourgeois et à M. Taft simultanément, pour organiser d'accord

179.0 1399.0 1561.0 109.0 avec eux, au milieu d’octobre, à Bruxelles , la réunion des trois

179.0 1476.0 1595.0 111.0 associations française, anglaise et américaine, primitivement fixée

181.0 1544.0 1483.0 124.0 au 25 Septembre, alors qu'on croyait la ratification du traité

187.0 1625.0 1485.0 117.0 moins éloignée. C’est ce que j’ai fait aussitôt, d’acord avec

183.0 1704.0 388.0 83.0 lui et nos amis.

597.0 1777.0 1124.0 119.0 Je suis entré ensuite en relations personnelles

181.0 1836.0 1561.0 139.0 avec les services de Sunderland House, et notament avec leur chef

181.0 1939.0 1483.0 106.0 Sir Eric Drummond, qui m’a plus ou moins connu jadis à Londres.

181.0 2013.0 1515.0 109.0 Ces services constituent un état-major international dont je vous

185.0 2073.0 1447.0 130.0 envoie ci-joint la très-intéressante XXXXX et nombreuse liste.

189.0 2163.0 1519.0 111.0 C'est toute une administration nouvelle qui demande à vivre ; c’est
