1920 2560
881.0 128.0 181.0 68.0 - 2 -

228.0 264.0 1587.0 128.0 fort à faire. Je voudrais me désintéresser de nos luttes locales.

219.0 349.0 1523.0 116.0 C’est impossible. Le problème se pose ici comme dans toute la

230.0 433.0 1557.0 119.0 France. Notre régime républicain ne cesse d’y être combattu par

228.0 516.0 1583.0 130.0 les partisans divers d'une réaction quelle qu’elle soit. Il n'est

221.0 599.0 1530.0 124.0 plus question d’une réaction césarienne ou royaliste et l'atti-

228.0 678.0 1448.0 124.0 tude de nos généraux en chef a été irréprochable, admirable.

221.0 774.0 1571.0 117.0 Nul n'oserait attaquer de front, devant nos populations, la forme

221.0 851.0 1464.0 115.0 de notre régime républicain, mais on se rattrape en essayant

215.0 925.0 1570.0 131.0 d’en faire disparaitre l'esprit. On cherche à dégoûter la France

224.0 1015.0 1565.0 122.0 de se gouverner elle-même, alors qu’il faudrait au contraire lui

219.0 1094.0 1489.0 126.0 donner conscience de ses responsabilités et l’habituer, jusque

215.0 1188.0 1519.0 117.0 dans la plus humble de ses communes, à faire acte d’initiative.

748.0 1282.0 994.0 102.0 Après cette guerre terrible, et ces décep-

221.0 1341.0 1464.0 118.0 tions et ces douleurs et ces pertes, on essaie d’endormir les

213.0 1422.0 1470.0 133.0 énergies indiv/iduelles qu'il faudrait au contraire stimuler.

215.0 1499.0 1436.0 122.0 J'ai été frappé bien péniblement, à mon retour, du contraste

204.0 1587.0 1494.0 115.0 effrayant entre l'activité qui anime partout les Etats-Unis et

211.0 1664.0 1578.0 123.0 la trop naturelle lassitude de nos populations surmenées, diminuées,

213.0 1732.0 1493.0 128.0 de plus en plus clairsemées. J'admire que le sol reste si bien

211.0 1824.0 1459.0 115.0 cultivé par un si petit nombre de bras, et sans le secours de

202.0 1888.0 871.0 104.0 grandes entreprises bien organisées.

712.0 1986.0 1024.0 111.0 Cet esprit d’'entreprise manquant, le désor-

211.0 2037.0 1463.0 130.0 dre administratif règne sans contrepoids, quelque soit le génie

206.0 2122.0 1532.0 122.0 individuel de chacun. Je ne cesse de protester contre ce désordre

202.0 2193.0 1470.0 136.0 et de faire appel à l'esprit public dans mon pays. Mais comme
