1920 2560
842.0 40.0 128.0 70.0 - 5 -

155.0 198.0 1634.0 164.0 soit, avant tout, liquidation des difficultés franco-britanniques

157.0 296.0 269.0 90.0 pendantes :

324.0 390.0 1487.0 134.0 convention d’arbitrage, (pour me faire plaisir, disait-il)

142.0 471.0 1667.0 134.0 auxquelles il ajouta lui-même, -ce qui m’a perdu, car personne n'en

149.0 556.0 697.0 103.0 a voulu,- Cette troisième :

371.0 644.0 638.0 113.0 limitation des armements.

622.0 740.0 1163.0 117.0 J'ai conservé le papier où il écrivit le lende-

170.0 810.0 1598.0 139.0 main, de sa main, ces trois conditions dont j'ai donné publique-

153.0 902.0 1604.0 139.0 ment connaissance à M. Delcassé, qui ne me l’a d’ailleurs jamais

145.0 981.0 234.0 85.0 pardonné.

612.0 1085.0 1137.0 118.0 La belle Duchesse avait quelque chose de plus

142.0 1147.0 1475.0 137.0 rare que sa richesse et sa beauté, une âme qui mariait à la

128.0 1226.0 1627.0 152.0 fantaisie des Marlborough une indépendance toute américaine. C'est

134.0 1322.0 1594.0 143.0 ainsi qu’elle m’autorisa, par la suite, à compter son mari, chef

130.0 1397.0 1544.0 158.0 alors de je ne sais quel ministère, parmi les promoteurs de la

134.0 1491.0 683.0 106.0 conciliation internationale.

588.0 1593.0 1174.0 128.0 Je l'ai revue encore, quelques années plus tard,

123.0 1659.0 1596.0 141.0 dans ce palais de Sunderland ; - et cependant, après cette guerre,

117.0 1742.0 1625.0 156.0 je me demande si mon souvenir n’est pas imaginaire ; je le confonds

104.0 1830.0 1609.0 143.0 avec une de ces impressions d’art et d’histoire que m'ont laissée

106.0 1913.0 1583.0 152.0 certains tableaux de l'école anglaise. Je me demande si la belle

110.0 1994.0 1479.0 150.0 Consuelo a existé de mon vivant ou bien dans quelque galerie

100.0 2069.0 1651.0 156.0 célèbre ; elle pourrait tout aussi bien avoir été l’une des ancêtres

110.0 2156.0 1455.0 160.0 de son mari ou quelque lady Hamilton, ou toute autre beauté
