1920 2560
558.0 104.0 638.0 128.0 Annexe à ma lettre N° 562.

196.0 172.0 106.0 148.0 AT

842.0 341.0 896.0 107.0 Clermont-Créans, le 5 septembre 1919.

812.0 657.0 429.0 87.0 Mon cher Ministre

435.0 800.0 1280.0 123.0 Je regrette de ne pas avoir pu vous voir en passant à

204.0 872.0 1255.0 117.0 Paris. Voici en deux mots de que j'ai fait à Londres.

443.0 972.0 1250.0 96.0 J'ai profité de mon indépendance et de mes relations

196.0 1038.0 1512.0 107.0 personnelles pour dire à mes amis anglais et particulièrement à

215.0 1124.0 1515.0 113.0 Lord Robert Cecil ce que je pense, dans leur intérêt, comme dan/s,

213.0 1207.0 1504.0 105.0 celui du monde entier, de leur tendance impérialiste au monopole,

204.0 1286.0 1500.0 107.0 à l'accaparement de tout, même de la Société des Nations. "Vous

219.0 1361.0 1568.0 113.0 éliminez la France de ce qui est son œuvre", ai-je dit en substance:

213.0 1446.0 1478.0 104.0 "Vous allez vous mettre tout le monde à dos. Voyez le discours,

185.0 1521.0 1545.0 111.0 d'ailleurs répugnant, de Knox! Vous ne comptez pas avec ce facteur

204.0 1602.0 1504.0 106.0 tout puissant : "l’esprit français" ; ne le révoltez pas. Déjà aux

177.0 1676.0 1557.0 113.0 Etats-Unis, où j'étais hier, on vous accuse d'être "les profiteurs

192.0 1757.0 1484.0 107.0 de la guerre". Vous étalez des triomphes diplomatiques qui sont

187.0 1828.0 1590.0 117.0 autant de défaites réelles, car vous tournez contre vous la confiance

185.0 1902.0 1551.0 118.0 universelle ; vous expropriez la Société des Nations au seul bénéfi-

198.0 1979.0 459.0 77.0 ce de la Révolution.

433.0 2056.0 1322.0 117.0 Lord Robert Cecil a été sensible à l’appel que j’adressais

187.0 2126.0 1526.0 120.0 à sa clairvoyance ; il a très sévèrement jugé l’euvre de la diplo-

36.0 2210.0 674.0 113.0 S. E. M. le Ministre S. Pichon
