1920 2560
889.0 76.0 141.0 96.0 - 4 -

270.0 224.0 1581.0 134.0 ayant subi toutes leurs épreuves d'essai et restant en l’air, sous

262.0 313.0 1476.0 115.0 l’oeil indifférent des populations mal renseignées, parce que

256.0 403.0 1557.0 117.0 personne n'a voulu faire le minime effort d’achever les quelques

256.0 486.0 1542.0 117.0 centaines de mêtres de terrassement nécessaires pour les relier

253.0 571.0 1464.0 115.0 au point terminus de la ligne. Cet exemple restera comme le

264.0 654.0 1506.0 120.0 plus saisissant, entre mille, de tous les autres du même ordre;

262.0 736.0 1536.0 125.0 c’est un phénomène d’inertie, de mauvais vouloir et d’incapacité

270.0 819.0 391.0 89.0 tout à la fois.

821.0 917.0 907.0 102.0 Encore aujourd'hui, après cinq années

260.0 979.0 1559.0 130.0 d’inutiles protestations, tout ce que l’administration peut faire

256.0 1064.0 1563.0 124.0 pour prouver qu’elle a eu raison de livrer ces ponts à la rouille,

258.0 1143.0 1510.0 128.0 au lieu de les ouvrir à la circulation, elle le fait ; son point

253.0 1226.0 1509.0 137.0 d’honneur est de justifier son inertie et non de la réparer. Je

245.0 1307.0 1062.0 115.0 n'y rev/iens pas davantage, quant à présent.

791.0 1408.0 960.0 108.0 Je ne puis multiplier les exemples de ce

236.0 1463.0 1570.0 130.0 parti-pris d'entraver le commerce de notre malheureux pays, écrasé

238.0 1546.0 1490.0 139.0 de ruines et de charges, privé de plus de trois millions de ses

247.0 1625.0 1527.0 130.0 travailleurs les plus jeunes et les plus actifs, et je me borne à

243.0 1704.0 1425.0 137.0 un dernier symptôme de l’incapacité administrative dont nous

241.0 1781.0 249.0 89.0 souffrons.

750.0 1870.0 978.0 122.0 Faute de tramways et de chemins de fer et

238.0 1934.0 1436.0 126.0 de bateaux, les voyageurs, les marchandises françaises, n’ont

245.0 2009.0 1497.0 141.0 plus qu’une ressource surabondante partout ailleurs qu’en France:

236.0 2077.0 1524.0 143.0 l'automobile. Commerçants, médecins, entrepreneurs, cultivateurs,

219.0 2158.0 1479.0 126.0 patrons, ouvriers mêmes, se servent en Amérique de l'automobile
