1920 2560
785.0 136.0 175.0 88.0 - 2 -

213.0 230.0 1551.0 143.0 depuis mon arrivée aux Etats-Unis jusqu’à mon départ, Nous avons

213.0 326.0 1566.0 139.0 vraiment, vous et moi, un seul et même bureau divisé en deux par-

202.0 405.0 1587.0 139.0 ties pr/esque interchangeables, des deux côtés de l'océan, l'un à

194.0 490.0 1566.0 139.0 Paris, l'autre à New York, avec annexes à Washington et dans les

196.0 580.0 1608.0 128.0 principaux centres des Etats-Unis. Je l'ai éprouvé déjà en 1907 et

196.0 661.0 1555.0 126.0 en 1911, mais cette fois plus encore et je serais bien ingrat si

185.0 742.0 1609.0 132.0 je n'ajoutais que j'ai été heureux de voir mon fils accueilli com-

179.0 825.0 1615.0 130.0 me moi-même. Son voyage bien précieux pour lui, n'aura pas été inu-

189.0 910.0 1590.0 126.0 tile ; il a créé un lien de plus entre lui et moi d'abord, puis en-

196.0 992.0 766.0 100.0 tre nous et mes amis américains.

401.0 1070.0 1337.0 124.0 J'ai tenu à résumer cette rapide visite d'à peine trois

177.0 1154.0 1615.0 123.0 semaines aux Etats-Unis. Elle a été officielle en un sens et privée.

170.0 1233.0 1521.0 123.0 Officielle, puisque je ne l'ai faite qu'à la demande de M. Léon

185.0 1318.0 1564.0 132.0 BOURGEOIS, d'accord avec notre Ministre des Affaires Etrangères et

164.0 1397.0 1527.0 141.0 notre Président du Conseil ; elle avait pour objet de rappeler à

172.0 1482.0 1526.0 122.0 mes amis américains, ce que vous savez,XX vous, si bien, le prix

162.0 1559.0 1566.0 122.0 que nous attachons en France, en dépit des bavardages de la médi-

151.0 1634.0 1515.0 123.0 sance, à l'organisation solide de nos bonnes relations avec les

170.0 1713.0 1538.0 123.0 Etats-Unis. Elle a été privée, puisque je n'avais aucune instruc-

151.0 1787.0 1547.0 135.0 tion et devais me borner à voir mes amis personnels. En sorte que

153.0 1870.0 1589.0 126.0 je n’aperçois aucun inconvénient, au contraire, à vous communiquer,

153.0 1939.0 1555.0 134.0 à titre personnel, le journal que j'ai écrit pour moi de mon/voyage

166.0 2026.0 1515.0 126.0 et dont j'ai naturellement remis un premier exemplaire à M. BOUR-

145.0 2103.0 1529.0 124.0 GEOIS, en attendant que j'en/remette un autre à M. PICHON, pour la

142.0 2180.0 1618.0 151.0 forme, car il a d'autres lectures plus urgentes à faire que celle-la.
