1920 2560
930.0 72.0 149.0 122.0 - 2 -

292.0 236.0 1493.0 98.0 fondée sur le droit. La conciliation, - (plus que jamais, à mon

285.0 328.0 1558.0 105.0 avis, l’essentiel,)- et les étapes déà franchies avant la guerre,

288.0 407.0 1561.0 102.0 notamment aux deux Conférences de La Haye, n’y sont pas mentionnées

285.0 488.0 1357.0 100.0 avec assez d’insistance à mon gré ; mais, si je reproche à

279.0 563.0 1506.0 106.0 M. BOURGEOIS d'avoir fait trop peu de cas de ce qui fut en partie

294.0 652.0 1502.0 94.0 son œuvre, que dirai-je donc du Président Wilson qui semble, lui,

300.0 727.0 1496.0 92.0 n’en savoir pas même voulu parler, ni laisser parler, parce qu’il

279.0 797.0 1538.0 105.0 n’y a été pour rien. M. BOURGEOIS à pêché par un excès fâcheux de

279.0 887.0 1466.0 107.0 modestie le Président Wilson que peut invoquer la même excuse.

695.0 970.0 1131.0 94.0 Quoiqu’il en soit, j'estime que vous aurez diffi-

279.0 1045.0 1527.0 87.0 cilement aux Etats-Unis une étude plus approfondie et plus rapide

285.0 1117.0 1381.0 88.0 et plus facile à lire du Traité qui doit servir de base aux

298.0 1198.0 1549.0 103.0 relations futures entre les peuples ; je me permets de vous suggérer

288.0 1271.0 1512.0 102.0 de la faire traduire et publier dans votre incomparable collection

281.0 1352.0 1412.0 96.0 des Bulletins de la Conciliation. Si vous le désirez, je me

305.0 1431.0 1463.0 100.0 chargerai de faire faire et de surveiller la traduction à Paris.

1096.0 1550.0 649.0 99.0 Votre affectueusement dévoué,

1109.0 1617.0 491.0 136.0 ££ ££ ££

164.0 1932.0 1088.0 113.0 à Monsieur le Président Nicholas Murray BUTLER,

654.0 2039.0 242.0 96.0 NEW-YORK.

966.0 2156.0 531.0 105.0 Voir P.S. page suivante.

179.0 2250.0 209.0 100.0 1 annexe.
