1920 2560
921.0 78.0 143.0 128.0 - 8 -

247.0 243.0 1513.0 141.0 me gêner, me sera précieuse". Fisher m’a offert de se retirer

251.0 322.0 1617.0 162.0 Finalement ils sont restés et j’ai dit, devant eux et avec d’autant

247.0 407.0 1148.0 130.0 plus de poids, tout ce que j’avais sur le cœur.

676.0 512.0 1171.0 134.0 J’ai rappelé que tenu à l’écart de tout, pendant

219.0 567.0 1562.0 154.0 les négociations de la paix, j'étais naturellement resté sur la

219.0 650.0 1513.0 158.0 réserve mais que je ne pouvais être indifférent à la tournure

226.0 729.0 1493.0 164.0 fâcheuse que prenaient les choses, à mon sens. Quoi de plus

211.0 806.0 1549.0 164.0 fâcheux que de voir nos amis Anglais faire bande à part avec nos

232.0 900.0 1564.0 162.0 amis Américains pour organiser la Société des Nations non à Paris,

202.0 981.0 1536.0 160.0 ou à Genève, mais à Londres ? Il est vrai que la France a tant

213.0 1064.0 1538.0 162.0 perdu par la guerre, ai-je dit, qu'on peut la croire épuisée et

211.0 1141.0 1574.0 179.0 finie. C'est l’erreur classiq(u)e. On compte sans l’esprit français,

221.0 1222.0 1551.0 181.0 "french spirit" qui a toujours suffi et suffira toujours à allumer

202.0 1303.0 1020.0 143.0 ou rallumer le feu des généreuses révoltes.

635.0 1410.0 1093.0 162.0 J'ai ajouté : "La guerre n’aurait pas dû finir

185.0 1463.0 1479.0 179.0 par un soi-disant triomphe de la diplomatie anglaise". Lord

177.0 1548.0 1504.0 177.0 Robert Cecil a abondé dans mon sens quand j'ai soutenu que, de

179.0 1629.0 1544.0 186.0 nos jours, un triomphe diplomatique est un non sens et la préface

164.0 1704.0 1561.0 188.0 de désastres futurs. Il a très sévèrement jugé la diplomatie de

179.0 1781.0 1506.0 190.0 son pays à la Conférence de Paris. Je n’ai pas fait plus d’al-

170.0 1862.0 1462.0 181.0 lusion aux événements de Perse, d’Egypte ou de Syrie, ni à la

151.0 1941.0 1487.0 194.0 question des colonies allemandes, -(cela suffisait largement )-

142.0 2022.0 1082.0 158.0 pour ne pas laisser notre entretien s’égarer.

593.0 2124.0 1141.0 165.0 Il m'a demandé finalement ce qu’il pouvait faire

147.0 2171.0 1512.0 209.0 pour me prouver sa ferme volonté de ne pas accaparer la société
