1920 2560
774.0 177.0 380.0 91.0 LETTRE N° 556 .

113.0 294.0 260.0 130.0 SÉNAT

1169.0 388.0 505.0 83.0 A bord de la Touraine

1166.0 471.0 683.0 98.0 du 28 juillet au 6 août 1919.

569.0 603.0 1095.0 135.0 JOURNAL de mon VOYAGE aux ETATS - UNIS .

740.0 686.0 490.0 92.0 du 28 juin au 6 août.

866.0 891.0 367.0 90.0 Mon cher Butler,

490.0 1047.0 1342.0 117.0 Il est quantité de choses dont j'aurais voulu vous parler,

288.0 1120.0 1508.0 117.0 mais partant à l’improviste, sans avoir à peine le temps de vous

279.0 1194.0 1491.0 115.0 prévenir: j'étais résigné à ne pas vous rencontrer à NEW YORK à

279.0 1273.0 1436.0 113.0 cette époque où vous prenez régulièrement et heureusement vos

296.0 1356.0 1451.0 111.0 vacances. Je me suis rendu compte, - par parenthèse, - que vos

292.0 1431.0 1542.0 117.0 longues absences sont rendues possibles par votre super-excellente

290.0 1508.0 1529.0 115.0 organisation. Tout marche, quand vous n’êtes pas là, comme si vous

281.0 1578.0 1487.0 122.0 y étiez, à commencer par cette extraordinaire soirée de COLUMBIA

266.0 1657.0 1494.0 120.0 UNIVERSITY où j'ai vu 25.000 auditeurs réunis par vos collabora-

270.0 1740.0 1462.0 111.0 teurs avec autant d’ordre que s’ils avaient été seulement deux

281.0 1811.0 1397.0 117.0 ou trois cents. Je vous félicite et j’ai profité largement de

281.0 1885.0 1506.0 126.0 cette organisation. Mais j’ai goûté bien davantage encore l’esprit

273.0 1956.0 1444.0 121.0 affectueux et confiant qui l'anime à mon égard. Si je cherchais

262.0 2033.0 1487.0 119.0 une récompense aux efforts de toute ma vie, je la trouverais dans

279.0 2107.0 1431.0 122.0 les attentions sans nombre dont j'ai été l’'objet, grâce à vous,

32.0 2222.0 906.0 126.0 à Monsieur le Président N. Murray BUTLER

270.0 2325.0 197.0 96.0 NEW YORK
