<?xml version="1.0" encoding="UTF-8"?>
<alto xmlns:xsi="http://www.w3.org/2001/XMLSchema-instance"
	  xmlns="http://www.loc.gov/standards/alto/ns-v4#"
	  xsi:schemaLocation="http://www.loc.gov/standards/alto/ns-v4# https://gitlab.inria.fr/scripta/escriptorium/-/raw/develop/app/escriptorium/static/alto-4-1-baselines.xsd">
  <Description>
	<MeasurementUnit>pixel</MeasurementUnit>
	<sourceImageInformation>
	  <fileName>P1190664.JPG</fileName>
	</sourceImageInformation>
  </Description>
  <Layout>
    <Page WIDTH="1920" HEIGHT="2560" PHYSICAL_IMG_NR="4" ID="eSc_dummypage_">
      <PrintSpace HPOS="0" VPOS="0" WIDTH="1920" HEIGHT="2560">
        
        <TextBlock ID="eSc_dummyblock_">
	      <TextLine ID="eSc_line_227192" BASELINE="889 138 1053 142" HPOS="889.0" VPOS="96.0" WIDTH="164.0" HEIGHT="100.0">
            <Shape>
              <Polygon POINTS="889 138 913 110 925 115 942 98 968 96 992 121 1000 125 1015 110 1049 128 1053 142 996 192 981 187 972 196 936 160 908 166 891 149"/>
            </Shape>
	        <String CONTENT="- 2 -" HPOS="889.0" VPOS="96.0" WIDTH="164.0" HEIGHT="100.0"></String>
          </TextLine>
        
        
	      <TextLine ID="eSc_line_227193" BASELINE="273 277 424 275 544 281 618 294 759 302 832 300 898 309 989 311 1117 322 1147 317 1344 317 1408 324 1610 324 1754 331 1808 348" HPOS="270.0" VPOS="232.0" WIDTH="1536.0" HEIGHT="139.0">
            <Shape>
              <Polygon POINTS="270 275 277 241 298 232 313 247 326 243 352 258 366 247 416 247 426 238 443 253 480 241 507 249 531 238 580 262 652 264 674 249 691 266 714 270 729 258 750 270 765 260 793 273 840 258 864 273 902 277 925 260 955 260 974 275 1064 285 1081 275 1105 288 1139 288 1169 270 1201 281 1218 268 1252 294 1277 273 1297 288 1331 292 1499 285 1516 296 1538 283 1589 305 1619 285 1634 300 1651 292 1700 300 1715 292 1730 305 1753 294 1779 311 1802 302 1806 347 1800 364 1774 371 1742 360 1683 360 1653 347 1625 360 1593 339 1570 356 1533 345 1510 360 1493 345 1454 354 1405 345 1390 356 1329 341 1309 354 1299 341 1271 352 1254 337 1218 341 1201 354 1179 341 1113 339 1092 349 1079 339 1045 334 1028 345 989 334 951 358 925 354 896 332 849 324 802 356 776 343 704 341 689 328 669 341 637 339 618 322 584 343 531 324 499 328 467 309 441 322 398 305 377 317 275 302"/>
            </Shape>
	        <String CONTENT="les circonstances qui l’empêcheraient de la rencontrer avec son" HPOS="270.0" VPOS="232.0" WIDTH="1536.0" HEIGHT="139.0"></String>
          </TextLine>
        
        
	      <TextLine ID="eSc_line_227194" BASELINE="266 360 369 360 392 366 501 371 599 379 646 379 691 390 714 386 900 386 957 396 1102 394 1143 401 1220 405 1420 403 1448 407 1533 409 1563 413 1659 413 1722 416" HPOS="264.0" VPOS="326.0" WIDTH="1457.0" HEIGHT="126.0">
            <Shape>
              <Polygon POINTS="264 358 268 328 356 326 403 354 433 330 488 343 548 337 576 358 608 343 646 360 659 349 684 356 697 347 706 356 851 356 866 369 878 358 972 362 996 354 1021 369 1107 369 1132 381 1149 369 1190 371 1207 358 1254 375 1318 379 1350 366 1376 379 1437 377 1457 360 1484 384 1516 371 1533 384 1578 379 1597 394 1621 379 1644 384 1664 369 1672 375 1689 362 1717 377 1721 416 1698 439 1664 448 1614 441 1595 426 1495 435 1474 416 1446 430 1369 426 1350 435 1318 418 1286 437 1248 426 1233 437 1184 418 1149 433 1130 420 1085 452 974 439 928 450 902 424 887 437 750 433 727 424 706 433 691 422 644 422 612 403 569 418 503 409 488 418 456 401 398 394 377 403 360 392 332 405 268 384"/>
            </Shape>
	        <String CONTENT="mari. Avant de recevoir sa réponse j&#39;étais passé chez elle" HPOS="264.0" VPOS="326.0" WIDTH="1457.0" HEIGHT="126.0"></String>
          </TextLine>
        
        
	      <TextLine ID="eSc_line_227195" BASELINE="258 448 313 445 334 450 443 456 490 456 535 452 563 460 714 465 785 473 938 484 960 480 1077 480 1141 486 1262 490 1437 488 1504 499 1617 497 1715 503 1762 505 1806 520" HPOS="256.0" VPOS="413.0" WIDTH="1548.0" HEIGHT="133.0">
            <Shape>
              <Polygon POINTS="256 448 260 416 275 413 445 422 473 441 499 422 529 418 582 433 597 448 644 426 663 443 682 428 716 441 806 435 842 439 861 456 900 435 932 456 955 441 1028 456 1047 448 1081 456 1115 448 1166 469 1190 456 1235 460 1258 450 1303 471 1320 456 1384 445 1414 469 1435 454 1493 473 1506 462 1555 469 1568 460 1585 471 1638 469 1661 484 1689 465 1721 465 1742 482 1757 473 1777 477 1800 458 1804 518 1798 539 1772 546 1734 529 1685 531 1666 516 1634 531 1602 518 1501 522 1489 509 1452 522 1420 503 1365 526 1348 512 1322 516 1299 499 1275 516 1203 514 1177 499 1156 516 1128 509 1117 518 1102 507 1068 505 1019 535 979 499 947 503 906 526 876 518 846 524 827 507 778 522 710 518 693 503 652 512 631 492 608 507 580 490 558 507 524 501 512 509 484 492 441 497 430 488 403 490 392 480 345 490 334 480 277 480 260 467"/>
            </Shape>
	        <String CONTENT="avec mon fils et Haskell, à New-York, mais déjà la maison était" HPOS="256.0" VPOS="413.0" WIDTH="1548.0" HEIGHT="133.0"></String>
          </TextLine>
        
        
	      <TextLine ID="eSc_line_227196" BASELINE="264 533 307 531 328 535 386 537 430 539 480 539 588 550 714 548 763 554 870 558 919 556 1006 567 1113 565 1186 571 1265 571 1341 576 1472 573 1529 580 1591 580 1614 584 1693 580" HPOS="262.0" VPOS="494.0" WIDTH="1429.0" HEIGHT="139.0">
            <Shape>
              <Polygon POINTS="262 531 266 499 283 494 324 505 386 494 422 520 439 505 473 505 494 526 535 507 569 509 608 518 642 544 684 516 701 516 872 526 883 537 936 520 964 533 994 531 1006 546 1047 529 1083 529 1111 541 1171 535 1198 552 1237 524 1271 556 1288 544 1326 539 1386 546 1397 556 1412 546 1486 550 1546 520 1604 558 1653 550 1691 578 1672 608 1642 614 1610 597 1593 605 1504 597 1472 605 1454 599 1431 616 1395 586 1333 608 1309 597 1288 614 1269 597 1216 601 1179 631 1158 620 1124 633 1090 627 1066 603 1036 622 955 610 925 631 898 605 885 614 870 603 842 608 821 588 789 603 772 586 748 603 733 593 699 590 682 601 665 593 644 599 635 590 618 599 580 576 563 588 539 580 512 599 494 584 452 584 441 573 426 586 373 567 349 578 330 565 277 571 266 561"/>
            </Shape>
	        <String CONTENT="fermée et vide. Personne même n’était là pour recevoir ma" HPOS="262.0" VPOS="494.0" WIDTH="1429.0" HEIGHT="139.0"></String>
          </TextLine>
        
        
	      <TextLine ID="eSc_line_227197" BASELINE="273 616 394 622 416 627 595 625 625 629 753 631 797 635 835 641" HPOS="270.0" VPOS="584.0" WIDTH="564.0" HEIGHT="105.0">
            <Shape>
              <Polygon POINTS="270 614 275 586 358 584 401 605 424 586 433 595 450 590 469 608 484 595 505 595 541 610 565 597 654 605 667 595 706 605 802 608 829 625 834 640 827 684 804 678 776 689 712 678 689 689 657 669 620 678 586 665 563 678 539 676 522 663 497 682 450 663 422 674 398 648 366 663 337 648 309 659 273 652"/>
            </Shape>
	        <String CONTENT="parte et me renseigner." HPOS="270.0" VPOS="584.0" WIDTH="564.0" HEIGHT="105.0"></String>
          </TextLine>
        
        
	      <TextLine ID="eSc_line_227198" BASELINE="682 714 742 721 883 718 913 727 960 729 1056 725 1092 736 1113 738 1309 736 1358 746 1553 744 1576 748 1676 755 1768 753 1796 757" HPOS="682.0" VPOS="680.0" WIDTH="1114.0" HEIGHT="117.0">
            <Shape>
              <Polygon POINTS="682 714 684 697 706 680 757 697 782 684 791 693 861 691 878 708 902 691 949 708 970 697 1049 699 1073 712 1083 704 1149 701 1169 718 1222 699 1233 710 1271 710 1288 699 1316 721 1333 704 1373 714 1390 697 1403 708 1440 697 1491 733 1512 716 1548 723 1565 706 1591 723 1619 712 1638 727 1666 699 1700 691 1723 701 1736 689 1751 704 1764 697 1783 714 1789 710 1796 757 1789 797 1772 782 1742 787 1676 768 1642 776 1632 765 1576 776 1497 768 1482 780 1469 768 1420 765 1412 774 1371 761 1341 787 1316 763 1271 763 1245 778 1218 757 1188 770 1166 750 1149 768 1134 759 1100 770 1083 757 1070 763 1028 755 1017 765 996 750 962 757 942 748 919 757 872 742 800 768 684 763"/>
            </Shape>
	        <String CONTENT="Je suis de ceux qui n&#39;ont jamais cessé d&#39;être" HPOS="682.0" VPOS="680.0" WIDTH="1114.0" HEIGHT="117.0"></String>
          </TextLine>
        
        
	      <TextLine ID="eSc_line_227199" BASELINE="256 791 292 787 362 787 501 793 522 797 716 802 768 806 902 804 930 812 1021 812 1096 823 1297 821 1350 832 1474 829 1638 840 1755 838 1783 842" HPOS="256.0" VPOS="750.0" WIDTH="1525.0" HEIGHT="137.0">
            <Shape>
              <Polygon POINTS="256 789 262 753 352 761 369 750 413 761 428 753 456 763 484 753 520 765 603 753 635 780 659 761 721 763 736 774 755 768 806 782 832 770 1015 780 1026 789 1053 780 1085 793 1109 785 1173 793 1192 808 1211 793 1299 797 1322 789 1378 800 1412 780 1452 802 1491 797 1508 812 1536 789 1553 804 1570 793 1597 797 1629 819 1655 808 1713 817 1734 804 1774 814 1781 840 1772 870 1751 887 1723 870 1646 864 1629 851 1608 866 1582 859 1572 868 1544 857 1506 878 1463 851 1399 857 1350 849 1333 859 1307 849 1269 859 1254 849 1213 855 1188 846 1173 855 1092 832 1073 846 1058 842 1026 868 989 838 974 844 962 836 908 861 851 832 834 834 806 857 727 851 684 832 665 846 633 842 620 851 578 834 448 834 424 817 341 825 273 823 260 812"/>
            </Shape>
	        <String CONTENT="reconnaissant à Andrew CARNEGIE de son grand effort pour servir" HPOS="256.0" VPOS="750.0" WIDTH="1525.0" HEIGHT="137.0"></String>
          </TextLine>
        
        
	      <TextLine ID="eSc_line_227201" BASELINE="242 869 817 895 1126 908 1228 906 1373 917 1516 913 1546 921 1659 925 1710 921" HPOS="241.0" VPOS="829.0" WIDTH="1467.0" HEIGHT="126.0">
            <Shape>
              <Polygon POINTS="241 868 245 844 266 829 300 838 315 853 332 842 384 844 396 836 433 844 465 872 505 842 537 838 561 855 605 849 633 861 648 851 712 851 729 868 750 851 774 870 789 857 910 868 934 855 968 887 987 870 1107 876 1132 864 1160 887 1179 876 1265 874 1286 889 1329 866 1356 883 1418 885 1437 898 1452 887 1467 896 1478 887 1536 885 1555 902 1572 887 1625 878 1672 900 1698 896 1708 919 1700 951 1670 955 1655 947 1612 949 1600 938 1570 949 1555 938 1521 940 1474 955 1452 936 1425 947 1282 928 1252 938 1177 936 1160 923 1139 934 1113 915 1092 932 1060 923 1036 938 1019 928 985 953 968 953 936 938 881 949 859 928 825 945 761 942 727 910 667 913 635 900 599 915 561 898 512 906 477 881 445 906 411 898 386 908 373 898 334 904 315 891 266 896 243 881"/>
            </Shape>
	        <String CONTENT="la paix. Il ne lui a manqué, comme à nous-mêmes, que d&#39;être" HPOS="241.0" VPOS="829.0" WIDTH="1467.0" HEIGHT="126.0"></String>
          </TextLine>
        
        
	      <TextLine ID="eSc_line_227202" BASELINE="256 951 288 949 311 953 435 960 524 960 590 968 710 966 785 974 910 974 964 985 1130 983 1235 994 1350 992 1446 1002 1542 1000 1693 1011 1836 1011" HPOS="256.0" VPOS="910.0" WIDTH="1578.0" HEIGHT="141.0">
            <Shape>
              <Polygon POINTS="256 949 262 917 296 910 324 923 375 919 392 934 411 923 488 925 520 934 565 930 580 942 635 930 667 940 704 928 718 940 776 940 800 957 853 940 885 951 906 945 925 957 998 945 1019 962 1038 951 1124 962 1139 951 1171 964 1209 955 1226 968 1262 942 1294 968 1329 955 1352 977 1380 966 1444 979 1474 957 1497 977 1516 964 1548 974 1570 964 1587 977 1610 968 1655 985 1668 974 1719 974 1738 987 1766 972 1783 987 1819 989 1834 1009 1826 1038 1800 1051 1751 1038 1693 1038 1664 1021 1646 1034 1610 1032 1578 1045 1548 1026 1465 1030 1446 1015 1435 1024 1371 1024 1352 1011 1299 1024 1256 1021 1235 1002 1216 1017 1164 1009 1139 1024 1109 1009 1096 1019 1064 1019 1051 1006 1004 1017 962 1006 934 1013 900 1000 870 1011 855 1000 836 1004 800 981 738 1002 689 983 667 998 644 998 578 983 563 994 539 983 522 992 477 979 465 989 260 979"/>
            </Shape>
	        <String CONTENT="mieux soutenu par tous ceux qui devaient être les premiers bénéfi-" HPOS="256.0" VPOS="910.0" WIDTH="1578.0" HEIGHT="141.0"></String>
          </TextLine>
        
        
	      <TextLine ID="eSc_line_227200" BASELINE="256 1036 422 1034 450 1038 501 1038 551 1045 637 1045 680 1041 706 1047 789 1047" HPOS="256.0" VPOS="994.0" WIDTH="531.0" HEIGHT="74.0">
            <Shape>
              <Polygon POINTS="256 1034 258 1002 292 994 320 1004 328 998 418 1009 430 1019 465 1002 507 1026 526 1009 544 1015 552 1006 580 1011 603 1028 618 1015 708 1015 778 1030 787 1045 765 1045 742 1068 507 1053 441 1058 430 1047 420 1058 258 1051"/>
            </Shape>
	        <String CONTENT="ciaires se son action." HPOS="256.0" VPOS="994.0" WIDTH="531.0" HEIGHT="74.0"></String>
          </TextLine>
        
        
	      <TextLine ID="eSc_line_227204" BASELINE="678 1130 731 1128 825 1139 919 1140 951 1141 1017 1147 1132 1145 1237 1154 1344 1154 1393 1164 1512 1162 1578 1173 1770 1171 1808 1187" HPOS="676.0" VPOS="1100.0" WIDTH="1130.0" HEIGHT="116.0">
            <Shape>
              <Polygon POINTS="676 1128 680 1109 697 1100 782 1109 804 1102 821 1120 838 1107 874 1107 893 1122 902 1113 928 1117 938 1130 957 1115 1094 1124 1126 1105 1152 1134 1177 1139 1226 1120 1265 1128 1284 1111 1341 1141 1369 1128 1418 1134 1440 1124 1452 1139 1538 1134 1546 1126 1559 1141 1617 1145 1655 1122 1678 1149 1702 1130 1732 1149 1781 1149 1796 1139 1806 1186 1798 1205 1774 1201 1760 1216 1732 1198 1698 1205 1683 1190 1657 1207 1634 1188 1608 1205 1506 1188 1467 1188 1457 1196 1397 1186 1386 1192 1348 1173 1314 1188 1271 1169 1260 1179 1207 1179 1179 1166 1154 1190 1122 1169 1075 1175 1026 1166 985 1181 970 1164 940 1154 910 1173 891 1152 872 1169 849 1169 817 1143 802 1158 761 1164 695 1158 678 1141"/>
            </Shape>
	        <String CONTENT="Quand il a consenti, sur ma suggestion, à doter" HPOS="676.0" VPOS="1100.0" WIDTH="1130.0" HEIGHT="116.0"></String>
          </TextLine>
        
        
	      <TextLine ID="eSc_line_227216" BASELINE="243 1198 364 1198 416 1194 450 1203 503 1207 646 1205 712 1216 840 1213 896 1224 947 1222 1026 1233 1218 1230 1305 1239 1401 1241 1448 1237 1501 1248 1608 1248 1781 1258 1814 1267" HPOS="241.0" VPOS="1160.0" WIDTH="1572.0" HEIGHT="134.0">
            <Shape>
              <Polygon POINTS="241 1196 245 1169 266 1160 309 1181 358 1166 428 1184 458 1166 501 1181 539 1171 571 1188 595 1177 680 1181 697 1194 738 1173 765 1196 776 1188 891 1188 936 1209 949 1198 1002 1194 1030 1209 1051 1198 1137 1207 1152 1196 1194 1216 1224 1201 1267 1220 1314 1194 1352 1218 1450 1211 1499 1224 1553 1224 1595 1201 1659 1230 1700 1224 1717 1233 1755 1216 1802 1235 1813 1265 1764 1294 1717 1275 1653 1290 1617 1273 1582 1282 1555 1267 1533 1277 1403 1267 1339 1273 1269 1254 1248 1267 1201 1254 1060 1254 1028 1241 974 1260 932 1237 902 1258 881 1245 817 1254 804 1241 774 1256 757 1241 723 1241 663 1269 605 1233 544 1233 522 1250 501 1233 471 1228 452 1243 403 1241 384 1252 315 1216 285 1233 245 1226"/>
            </Shape>
	        <String CONTENT="la Cour de La Haye du palais qui devait la réhabiliter devant les" HPOS="241.0" VPOS="1160.0" WIDTH="1572.0" HEIGHT="134.0"></String>
          </TextLine>
        
        
	      <TextLine ID="eSc_line_227217" BASELINE="249 1271 403 1284 475 1282 539 1292 704 1290 744 1301 883 1299 906 1305 951 1309 1090 1305 1134 1318 1273 1316 1367 1326 1514 1324 1655 1335 1764 1335" HPOS="249.0" VPOS="1239.0" WIDTH="1515.0" HEIGHT="130.0">
            <Shape>
              <Polygon POINTS="249 1271 253 1245 273 1239 317 1254 332 1248 416 1256 437 1241 469 1258 529 1250 590 1280 620 1256 663 1273 695 1265 710 1275 763 1260 789 1273 832 1273 866 1258 893 1282 1034 1280 1051 1294 1064 1286 1107 1290 1149 1280 1201 1312 1233 1284 1288 1294 1337 1288 1346 1297 1369 1286 1390 1297 1440 1288 1489 1303 1501 1294 1540 1303 1597 1282 1629 1305 1666 1288 1683 1305 1717 1297 1732 1307 1757 1303 1764 1335 1755 1356 1736 1365 1642 1358 1621 1369 1531 1348 1504 1361 1397 1348 1352 1358 1290 1337 1273 1346 1220 1341 1201 1324 1173 1344 1147 1346 1070 1335 1053 1324 1038 1335 977 1335 955 1316 917 1337 887 1316 859 1333 795 1320 763 1322 744 1337 710 1322 682 1346 648 1348 603 1337 586 1322 561 1337 518 1329 494 1346 441 1324 413 1322 396 1335 384 1324 330 1316 300 1331 253 1314"/>
            </Shape>
	        <String CONTENT="Gouvernements, il a décidé de son sort. Le Président ROOSEVELT" HPOS="249.0" VPOS="1239.0" WIDTH="1515.0" HEIGHT="130.0"></String>
          </TextLine>
        
        
	      <TextLine ID="eSc_line_227218" BASELINE="247 1358 339 1358 439 1365 460 1371 484 1367 600 1367 710 1378 808 1376 904 1386 974 1384 1049 1395 1207 1393 1256 1403 1401 1403 1442 1414 1568 1410 1719 1417 1777 1425" HPOS="245.0" VPOS="1322.0" WIDTH="1529.0" HEIGHT="130.0">
            <Shape>
              <Polygon POINTS="245 1356 253 1329 285 1322 302 1337 322 1326 375 1326 403 1346 428 1331 454 1339 475 1333 494 1348 520 1333 561 1339 584 1331 601 1348 697 1341 770 1352 789 1344 800 1352 834 1348 906 1365 934 1358 1081 1369 1098 1361 1117 1378 1141 1361 1190 1378 1207 1363 1248 1371 1267 1365 1297 1378 1324 1369 1371 1378 1390 1371 1489 1380 1529 1397 1550 1380 1568 1384 1582 1371 1619 1367 1657 1399 1691 1376 1710 1390 1766 1390 1774 1422 1760 1446 1732 1452 1689 1450 1668 1433 1636 1446 1561 1437 1548 1446 1529 1433 1514 1446 1504 1437 1378 1435 1320 1422 1216 1425 1186 1414 1143 1420 1120 1405 1096 1418 1000 1410 985 1422 966 1408 936 1420 904 1397 870 1416 859 1403 810 1412 770 1399 614 1395 597 1380 582 1390 520 1390 497 1380 443 1386 315 1380 305 1371 249 1376"/>
            </Shape>
	        <String CONTENT="et lui ont été vraiment les sauveurs de l&#39;institution de La Haye" HPOS="245.0" VPOS="1322.0" WIDTH="1529.0" HEIGHT="130.0"></String>
          </TextLine>
        
        
	      <TextLine ID="eSc_line_227219" BASELINE="238 1444 484 1444 584 1454 725 1454 748 1450 787 1461 885 1461 955 1472 1073 1469 1115 1472 1145 1480 1282 1478 1376 1489 1399 1486 1531 1493 1553 1499 1625 1495 1713 1495" HPOS="236.0" VPOS="1401.0" WIDTH="1474.0" HEIGHT="132.0">
            <Shape>
              <Polygon POINTS="236 1442 243 1412 275 1403 307 1410 324 1425 356 1401 398 1431 418 1414 439 1418 450 1410 462 1420 531 1414 548 1425 644 1425 663 1435 697 1425 731 1442 753 1427 791 1435 834 1429 876 1448 898 1431 957 1444 998 1437 1017 1454 1056 1435 1092 1461 1117 1442 1188 1452 1207 1442 1243 1446 1331 1467 1365 1457 1523 1467 1536 1457 1544 1465 1572 1461 1604 1472 1651 1474 1666 1465 1710 1493 1704 1521 1685 1531 1672 1523 1617 1531 1597 1518 1550 1533 1527 1521 1457 1527 1437 1514 1405 1521 1335 1504 1305 1514 1271 1504 1166 1508 1137 1497 1109 1501 1092 1489 1062 1497 1019 1484 1009 1495 983 1497 889 1489 874 1476 851 1491 819 1482 755 1486 733 1469 710 1482 625 1486 576 1476 535 1489 507 1472 488 1484 456 1472 426 1480 398 1457 381 1472 339 1474 317 1463 258 1474 241 1465"/>
            </Shape>
	        <String CONTENT="que la Conférence de Paris vient de supprimer outrageusement." HPOS="236.0" VPOS="1401.0" WIDTH="1474.0" HEIGHT="132.0"></String>
          </TextLine>
        
        
	      <TextLine ID="eSc_line_227215" BASELINE="674 1538 825 1538 896 1548 1073 1557 1689 1578" HPOS="672.0" VPOS="1501.0" WIDTH="1015.0" HEIGHT="109.0">
            <Shape>
              <Polygon POINTS="672 1536 676 1508 686 1501 733 1521 757 1510 780 1527 808 1514 962 1523 989 1504 1011 1508 1043 1542 1068 1516 1102 1525 1130 1512 1147 1525 1237 1527 1262 1542 1280 1527 1292 1536 1314 1529 1331 1542 1371 1536 1386 1544 1418 1529 1450 1559 1493 1538 1512 1553 1561 1548 1574 1538 1587 1548 1606 1536 1623 1553 1638 1540 1661 1553 1676 1548 1687 1576 1676 1600 1642 1608 1614 1591 1580 1608 1504 1600 1474 1610 1444 1580 1403 1604 1361 1589 1316 1595 1301 1580 1288 1591 1258 1576 1228 1587 1105 1580 1045 1563 1026 1576 992 1561 972 1574 840 1574 827 1565 797 1572 778 1553 761 1568 674 1565"/>
            </Shape>
	        <String CONTENT="On a reproché à CARNEGIE d&#39;avoir essayé de" HPOS="672.0" VPOS="1501.0" WIDTH="1015.0" HEIGHT="109.0"></String>
          </TextLine>
        
        
	      <TextLine ID="eSc_line_227206" BASELINE="249 1600 283 1597 305 1602 358 1602 420 1608 582 1606 806 1614 864 1623 960 1623 1002 1632 1096 1632 1190 1642 1337 1640 1420 1651 1442 1649 1604 1659 1657 1655" HPOS="247.0" VPOS="1561.0" WIDTH="1408.0" HEIGHT="128.0">
            <Shape>
              <Polygon POINTS="247 1600 251 1570 277 1572 292 1561 307 1574 322 1563 354 1578 377 1570 420 1582 469 1576 488 1591 509 1576 625 1589 646 1580 695 1591 736 1587 753 1604 772 1589 861 1589 883 1602 930 1591 953 1606 1021 1602 1038 1614 1066 1600 1096 1606 1117 1597 1143 1610 1169 1589 1181 1600 1196 1593 1213 1608 1254 1606 1277 1617 1312 1614 1326 1602 1354 1614 1371 1602 1422 1638 1442 1621 1467 1627 1491 1606 1561 1642 1580 1627 1600 1634 1644 1619 1655 1653 1644 1689 1574 1683 1561 1670 1514 1689 1497 1678 1433 1685 1412 1666 1401 1674 1292 1672 1252 1668 1230 1655 1216 1664 1147 1659 1130 1646 1096 1655 1038 1642 1002 1651 806 1642 800 1634 765 1640 750 1627 736 1638 691 1638 550 1632 539 1623 480 1629 249 1617"/>
            </Shape>
	        <String CONTENT="convaincre l’Empereur d’Allemagne que son intérêt comme son" HPOS="247.0" VPOS="1561.0" WIDTH="1408.0" HEIGHT="128.0"></String>
          </TextLine>
        
        
	      <TextLine ID="eSc_line_227214" BASELINE="232 1678 288 1678 339 1683 465 1683 520 1696 590 1691 691 1692 768 1702 836 1700 902 1702 932 1708 1062 1708 1143 1719 1694 1744" HPOS="230.0" VPOS="1640.0" WIDTH="1463.0" HEIGHT="134.0">
            <Shape>
              <Polygon POINTS="230 1676 234 1657 253 1640 294 1653 324 1646 332 1657 352 1649 386 1661 411 1649 471 1664 514 1655 535 1674 561 1659 593 1661 612 1674 629 1666 740 1668 776 1681 806 1670 842 1685 857 1676 925 1674 964 1693 1006 1676 1032 1693 1107 1678 1128 1700 1156 1683 1181 1685 1201 1702 1254 1676 1273 1696 1320 1700 1344 1683 1367 1704 1397 1698 1408 1708 1440 1713 1467 1702 1495 1708 1510 1725 1529 1710 1617 1715 1649 1704 1668 1723 1687 1715 1693 1742 1687 1774 1632 1762 1597 1774 1510 1760 1467 1768 1431 1745 1412 1760 1303 1760 1290 1747 1213 1747 1194 1732 1173 1742 1128 1730 1120 1738 1056 1736 1034 1723 1013 1738 966 1723 945 1734 906 1725 859 1732 840 1717 821 1732 791 1728 774 1710 753 1725 716 1728 646 1715 633 1721 612 1708 599 1719 424 1713 392 1698 375 1710 305 1702 273 1708 247 1706 234 1693"/>
            </Shape>
	        <String CONTENT="devoir était de servir la paix et non de déchaîner la guerre." HPOS="230.0" VPOS="1640.0" WIDTH="1463.0" HEIGHT="134.0"></String>
          </TextLine>
        
        
	      <TextLine ID="eSc_line_227209" BASELINE="221 1751 298 1760 411 1760 471 1770 584 1768 733 1779 827 1777 904 1785 1030 1785 1088 1794 1188 1794 1254 1802 1361 1804 1399 1813 1565 1811 1614 1817 1653 1817 1685 1824" HPOS="219.0" VPOS="1717.0" WIDTH="1464.0" HEIGHT="132.0">
            <Shape>
              <Polygon POINTS="219 1749 247 1717 320 1738 347 1725 377 1734 398 1719 428 1740 443 1732 471 1742 533 1738 578 1753 616 1740 669 1751 691 1734 714 1747 731 1736 753 1751 823 1749 855 1757 874 1742 898 1764 1002 1749 1032 1777 1068 1753 1077 1762 1094 1753 1111 1766 1152 1762 1173 1783 1230 1766 1260 1777 1309 1772 1356 1800 1405 1772 1431 1792 1521 1792 1582 1772 1638 1794 1676 1781 1683 1824 1666 1849 1568 1849 1531 1832 1508 1845 1450 1841 1431 1828 1416 1838 1386 1836 1363 1821 1333 1845 1316 1832 1294 1830 1280 1841 1265 1828 1198 1826 1171 1811 1128 1821 1083 1811 1049 1815 1032 1802 981 1815 962 1802 945 1811 906 1806 893 1794 874 1806 599 1798 580 1781 556 1796 341 1785 322 1772 296 1785 245 1781 221 1789"/>
            </Shape>
	        <String CONTENT="Les événements ont démontré qu&#39;il avait raison, et son effort" HPOS="219.0" VPOS="1717.0" WIDTH="1464.0" HEIGHT="132.0"></String>
          </TextLine>
        
        
	      <TextLine ID="eSc_line_227212" BASELINE="230 1832 283 1838 416 1836 471 1847 595 1847 640 1858 758 1856 870 1862 1045 1866 1083 1873 1201 1870 1245 1879 1320 1879 1397 1890 1491 1888 1555 1898 1745 1894" HPOS="228.0" VPOS="1794.0" WIDTH="1514.0" HEIGHT="143.0">
            <Shape>
              <Polygon POINTS="228 1830 232 1811 253 1794 296 1811 349 1806 369 1821 392 1811 462 1819 490 1813 512 1832 520 1824 610 1817 648 1834 708 1817 759 1834 823 1830 840 1843 864 1830 921 1836 957 1811 1004 1851 1026 1834 1064 1836 1077 1828 1122 1860 1171 1824 1192 1845 1222 1843 1252 1868 1282 1845 1329 1860 1367 1841 1431 1877 1457 1866 1504 1866 1536 1845 1578 1851 1610 1870 1636 1858 1655 1873 1687 1870 1706 1868 1738 1843 1742 1892 1734 1930 1721 1937 1687 1920 1674 1930 1646 1924 1629 1937 1610 1922 1578 1924 1565 1915 1538 1924 1518 1911 1495 1924 1467 1917 1452 1926 1427 1909 1405 1920 1297 1913 1262 1894 1233 1913 1209 1902 1139 1898 1124 1888 1107 1896 1068 1894 1051 1881 1017 1888 1002 1875 983 1890 861 1890 838 1868 814 1883 770 1885 665 1879 654 1868 631 1881 586 1873 524 1877 509 1864 422 1873 375 1868 362 1858 309 1866 232 1862"/>
            </Shape>
	        <String CONTENT="était celui qu’il fallait tenter d&#39;un côté, tandis que d’autres," HPOS="228.0" VPOS="1794.0" WIDTH="1514.0" HEIGHT="143.0"></String>
          </TextLine>
        
        
	      <TextLine ID="eSc_line_227211" BASELINE="234 1917 268 1911 339 1915 409 1913 486 1922 563 1922 625 1932 748 1932 791 1928 832 1939 960 1939 1024 1949 1117 1947 1205 1958 1275 1956 1356 1966 1403 1964 1529 1975 1685 1975" HPOS="234.0" VPOS="1877.0" WIDTH="1451.0" HEIGHT="136.0">
            <Shape>
              <Polygon POINTS="234 1917 238 1883 315 1877 326 1888 364 1894 377 1883 522 1900 531 1894 552 1913 590 1896 680 1909 750 1911 765 1902 787 1917 838 1909 870 1917 904 1905 923 1922 945 1902 968 1924 1004 1909 1047 1937 1088 1915 1309 1941 1337 1932 1354 1941 1380 1934 1390 1943 1433 1939 1469 1947 1480 1939 1512 1949 1553 1949 1585 1934 1600 1949 1657 1943 1685 1975 1678 1988 1636 2011 1619 1998 1595 1998 1553 2013 1544 2005 1484 2003 1469 1988 1422 1998 1369 1990 1354 2003 1301 1977 1282 1994 1267 1984 1192 1979 1171 1994 1152 1975 1124 1986 1113 1975 1096 1979 1049 1964 994 1975 974 1960 957 1973 930 1962 908 1977 872 1964 851 1979 804 1964 789 1949 768 1964 657 1954 612 1964 586 1952 569 1962 558 1949 524 1973 398 1964 352 1952 273 1956 258 1943 236 1956"/>
            </Shape>
	        <String CONTENT="comme JAURES, faisaient appel à la conscience encore asservie" HPOS="234.0" VPOS="1877.0" WIDTH="1451.0" HEIGHT="136.0"></String>
          </TextLine>
        
        
	      <TextLine ID="eSc_line_227220" BASELINE="230 1990 396 1990 460 1998 558 2003 597 2011 618 2007 763 2009 808 2005 872 2018 945 2016 1006 2026 1113 2024 1160 2037 1211 2033 1335 2041 1429 2041 1523 2050 1717 2052" HPOS="228.0" VPOS="1956.0" WIDTH="1487.0" HEIGHT="136.0">
            <Shape>
              <Polygon POINTS="228 1988 232 1960 245 1956 292 1973 332 1960 422 1964 458 1981 473 1971 569 1979 584 1971 629 1984 652 1975 699 2005 744 1977 834 1986 881 1977 930 1996 949 1988 972 2003 992 1986 1036 1996 1062 1984 1090 2003 1122 1992 1207 2009 1226 1996 1245 2013 1320 2018 1354 2009 1422 2030 1457 2007 1484 2022 1536 2028 1570 2013 1591 2028 1608 2018 1668 2028 1683 2018 1698 2022 1715 2050 1681 2088 1644 2075 1589 2086 1570 2077 1506 2077 1446 2092 1429 2075 1254 2067 1209 2052 1179 2060 1088 2048 1051 2062 1034 2048 1011 2056 972 2035 962 2043 928 2033 878 2048 838 2043 825 2054 810 2043 738 2039 706 2011 646 2043 580 2028 492 2035 456 2013 433 2030 302 2020 292 2009 266 2022 232 2011"/>
            </Shape>
	        <String CONTENT="du peuple allemand. CARNEGIE a donc fait beaucoup, immensément" HPOS="228.0" VPOS="1956.0" WIDTH="1487.0" HEIGHT="136.0"></String>
          </TextLine>
        
        
	      <TextLine ID="eSc_line_227210" BASELINE="221 2062 277 2069 381 2067 445 2075 544 2075 667 2086 804 2086 836 2094 960 2092 1041 2103 1109 2101 1169 2112 1252 2109 1316 2120 1414 2120 1497 2129 1710 2129" HPOS="221.0" VPOS="2033.0" WIDTH="1489.0" HEIGHT="132.0">
            <Shape>
              <Polygon POINTS="221 2062 236 2035 264 2041 294 2033 339 2050 352 2039 388 2039 405 2056 443 2033 462 2045 503 2045 541 2069 554 2058 569 2065 601 2041 640 2065 657 2052 716 2056 736 2069 753 2060 917 2069 977 2054 998 2071 1011 2060 1053 2071 1128 2067 1184 2088 1228 2080 1269 2101 1309 2084 1365 2107 1378 2097 1448 2099 1465 2107 1497 2086 1527 2112 1559 2092 1582 2107 1629 2094 1638 2103 1685 2097 1710 2129 1704 2161 1689 2165 1672 2156 1523 2152 1484 2165 1461 2141 1433 2158 1386 2152 1367 2139 1329 2150 1265 2137 1196 2137 1173 2120 1134 2135 1038 2116 1009 2124 987 2109 947 2133 923 2116 900 2126 866 2114 810 2114 789 2116 763 2137 731 2109 595 2107 565 2084 507 2124 477 2114 347 2112 328 2092 288 2116 266 2101 226 2099"/>
            </Shape>
	        <String CONTENT="pour la paix. On lui a reproché d&#39;avoir mis son nom au fronton" HPOS="221.0" VPOS="2033.0" WIDTH="1489.0" HEIGHT="132.0"></String>
          </TextLine>
        
        
	      <TextLine ID="eSc_line_227213" BASELINE="221 2148 320 2144 413 2144 580 2152 667 2163 793 2161 881 2171 955 2171 1077 2178 1147 2180 1186 2190 1307 2190 1329 2184 1365 2197 1431 2195 1518 2208 1610 2203 1636 2205 1685 2199" HPOS="219.0" VPOS="2109.0" WIDTH="1464.0" HEIGHT="133.0">
            <Shape>
              <Polygon POINTS="219 2146 224 2124 241 2109 292 2122 305 2112 424 2118 450 2135 482 2122 526 2126 546 2139 563 2124 597 2133 782 2135 827 2158 870 2139 923 2150 953 2133 964 2144 985 2137 1011 2152 1038 2137 1049 2148 1064 2139 1075 2148 1130 2148 1143 2158 1169 2150 1218 2176 1235 2161 1297 2171 1314 2163 1335 2176 1363 2154 1395 2176 1418 2176 1463 2150 1501 2186 1525 2169 1574 2186 1661 2156 1676 2169 1683 2197 1674 2231 1657 2242 1614 2220 1587 2233 1563 2222 1550 2231 1482 2235 1450 2214 1414 2229 1356 2229 1337 2218 1320 2231 1305 2218 1267 2216 1209 2227 1169 2210 1134 2220 1117 2205 1088 2199 1030 2205 1009 2188 985 2201 962 2195 940 2210 915 2184 889 2197 868 2195 844 2173 802 2197 774 2184 753 2193 652 2182 599 2195 544 2171 533 2180 475 2178 448 2163 433 2176 416 2169 381 2180 352 2169 313 2173 294 2154 268 2173 224 2156"/>
            </Shape>
	        <String CONTENT="de toutes ses fondations. Ce fut un tort, peut-être ? Je n’en" HPOS="219.0" VPOS="2109.0" WIDTH="1464.0" HEIGHT="133.0"></String>
          </TextLine>
        
        
	      <TextLine ID="eSc_line_227207" BASELINE="215 2216 571 2233 819 2240 1083 2257 1130 2257 1290 2272 1557 2282 1694 2278" HPOS="213.0" VPOS="2178.0" WIDTH="1480.0" HEIGHT="145.0">
            <Shape>
              <Polygon POINTS="213 2214 217 2201 249 2182 264 2190 288 2182 330 2203 371 2180 388 2195 396 2188 437 2201 473 2178 492 2197 520 2201 548 2229 586 2201 665 2208 693 2197 727 2220 761 2203 774 2212 896 2210 913 2225 955 2212 974 2222 994 2214 1011 2222 1034 2216 1053 2233 1107 2218 1141 2240 1198 2233 1233 2242 1245 2231 1292 2242 1309 2259 1344 2242 1376 2248 1408 2237 1425 2252 1448 2246 1459 2257 1484 2252 1499 2261 1536 2244 1563 2267 1580 2252 1653 2254 1687 2237 1693 2276 1672 2306 1617 2304 1591 2321 1565 2301 1546 2316 1536 2306 1440 2304 1401 2323 1367 2299 1337 2316 1303 2297 1275 2318 1245 2293 1211 2314 1190 2306 1166 2310 1137 2280 1098 2291 1068 2282 1036 2295 1011 2276 989 2276 966 2291 915 2263 878 2278 857 2265 806 2272 797 2263 757 2267 733 2254 714 2265 657 2257 637 2269 622 2257 582 2263 554 2237 531 2254 505 2252 482 2272 458 2248 445 2257 428 2242 401 2265 375 2246 354 2257 317 2257 307 2246 241 2246 217 2233"/>
            </Shape>
	        <String CONTENT="suis pas sûr. Car il donnait ainsi son nom en exemple et c&#39;est" HPOS="213.0" VPOS="2178.0" WIDTH="1480.0" HEIGHT="145.0"></String>
          </TextLine>
        </TextBlock>
        
      </PrintSpace>
    </Page>
  </Layout>
</alto>
