1920 2560
864.0 106.0 140.0 128.0 - 7 -

228.0 270.0 1570.0 118.0 Là est la question. Les progrès déjà acquis prouvent/qu’on n’a pas

238.0 360.0 1526.0 102.0 de droit de désespérer de l’avenir. Il faut seulement se donner

219.0 439.0 1551.0 105.0 la peine d'expliquer aux Anglais ce qu'ils ne trouveront pas tout

230.0 520.0 1444.0 105.0 seuls, précisément parce qu’ils sont insulaires, depuis trop

224.0 601.0 1574.0 111.0 longtemps. S'ils veulent accaparer la Société des Nations, ils la

211.0 684.0 1293.0 109.0 perdront et ils se perdront. Qu’ils le sachent bien.

569.0 772.0 1235.0 109.0 Tel est l'esprit de l'entretien que je voulais avoir

219.0 855.0 1581.0 113.0 et que j’ai eu avec Lord Robert Cecil. Malheureusement deux de ses

228.0 934.0 1482.0 124.0 amis, qui sont aussi les miens et que j'ai connus comme membres

217.0 1015.0 1564.0 117.0 actifs du bureau de l’Association anglaise pour favoriser le déve-

211.0 1092.0 1531.0 124.0 loppement d’une Société des Nations, Sir Willoughby Dickinson et

224.0 1171.0 1561.0 134.0 le Colonel Fisher, se trouvaient, comme par hasard, dans l'anticham-

213.0 1250.0 1557.0 136.0 bre de Lord Robert. Il m'a demandé si je ne voyais pas d’inconvé-

213.0 1331.0 1476.0 132.0 nient à leur présence. J'ai répondu franchement que j’en étais

204.0 1405.0 1536.0 145.0 embarrassé ; que je venais lui parler, en tête à tête, à lui seul

204.0 1486.0 1504.0 146.0 en mon nom personnel et non pas seulement au nom de M. Bourgeois

204.0 1565.0 1532.0 143.0 et de mes amis Français ; que j’avais tenu à faire cette démarche

198.0 1644.0 1532.0 145.0 pour l'acquit de ma conscience, avant tout, et en souvenir recon-

194.0 1725.0 1563.0 158.0 naissant de l'amitié que son père et sa mère et toute la famille de

194.0 1800.0 1495.0 158.0 Lord Salisbury m’avaient témoignée dans ma jeunesse ; et de l'in-

202.0 1879.0 1521.0 162.0 fluence qu’ils avaient eu sur ma vie et sur ma carrière politique.

196.0 1954.0 1555.0 160.0 "Cela dit," ai-je ajouté, "si ces messieurs et vous me permettez de

183.0 2033.0 1513.0 170.0 vous parler "comme s’ils n’étaient pas là, leur présence, loin de
