1920 2560
622.0 49.0 342.0 98.0 LETTRE n° 551

40.0 106.0 284.0 135.0 SÉNAT

1218.0 243.0 492.0 115.0 PARIS, le 27 juin 1919

646.0 475.0 685.0 96.0 SOMMAIRE de ma CORRESPONDANCE

725.0 563.0 627.0 81.0 du N° 501 au N° 550 inclus.

876.0 829.0 380.0 69.0 Mon cher Butler

373.0 1152.0 1035.0 98.0 vous ai adressées, du N° 501 au N° 550 inclus.

567.0 1088.0 1167.0 96.0 Je vous envoie ci-joint le sommaire des lettres que je

379.0 1305.0 1259.0 92.0 en deux exemplaires, toutes les lettres ainsi numérotées.

558.0 1226.0 1140.0 113.0 Je prie Haskell de me faire savoir si vous avez bien,

960.0 1510.0 537.0 83.0 Affectueusement à vous,

968.0 1580.0 292.0 105.0 ££

145.0 1764.0 893.0 113.0 à Monsieur le Président N. Murray BUTLER

499.0 1845.0 211.0 85.0 NEW YORK

110.0 1996.0 1600.0 133.0 P. S. Nos copies de la lettre N° 532 se trouvent égarées. Je reconnaissant

260.0 2077.0 1423.0 126.0 à Haskell de la faire copier et de m’adresser cet exemplaire ainsi

1425.0 2022.0 162.0 66.0 serais

1472.0 2090.0 236.0 56.0 ££ ££

262.0 2216.0 307.0 88.0 lettre N° 532.

264.0 2146.0 1414.0 138.0 que d’ajouter sur le sommaire ci-joint le titre et la date de cette
