<?xml version="1.0" encoding="UTF-8"?>
<alto xmlns:xsi="http://www.w3.org/2001/XMLSchema-instance"
	  xmlns="http://www.loc.gov/standards/alto/ns-v4#"
	  xsi:schemaLocation="http://www.loc.gov/standards/alto/ns-v4# https://gitlab.inria.fr/scripta/escriptorium/-/raw/develop/app/escriptorium/static/alto-4-1-baselines.xsd">
  <Description>
	<MeasurementUnit>pixel</MeasurementUnit>
	<sourceImageInformation>
	  <fileName>P1190648.JPG</fileName>
	</sourceImageInformation>
  </Description>
  <Layout>
    <Page WIDTH="1920" HEIGHT="2560" PHYSICAL_IMG_NR="5" ID="eSc_dummypage_">
      <PrintSpace HPOS="0" VPOS="0" WIDTH="1920" HEIGHT="2560">
        
        <TextBlock ID="eSc_dummyblock_">
	      <TextLine ID="eSc_line_226264" BASELINE="832 134 981 138" HPOS="832.0" VPOS="91.0" WIDTH="149.0" HEIGHT="83.0">
            <Shape>
              <Polygon POINTS="832 134 836 102 853 115 893 91 932 113 947 100 966 102 981 138 966 162 945 155 925 174 834 151"/>
            </Shape>
	        <String CONTENT="- 3 -" HPOS="832.0" VPOS="91.0" WIDTH="149.0" HEIGHT="83.0"></String>
          </TextLine>
        
        
	      <TextLine ID="eSc_line_226265" BASELINE="292 285 392 283 499 294 586 292 676 302 902 300 994 311 1286 309 1504 320 1670 315 1757 324" HPOS="292.0" VPOS="236.0" WIDTH="1465.0" HEIGHT="124.0">
            <Shape>
              <Polygon POINTS="292 285 296 236 322 253 379 256 403 245 422 258 441 249 471 264 501 245 522 264 541 253 556 264 569 253 582 260 642 247 672 266 686 256 704 266 740 249 768 277 832 260 844 268 878 266 896 251 934 279 949 266 974 270 983 262 996 270 1032 258 1075 281 1124 283 1141 268 1188 285 1222 283 1254 260 1301 281 1314 270 1344 288 1382 266 1450 281 1478 270 1506 281 1542 258 1565 279 1600 268 1640 294 1676 294 1691 283 1723 296 1751 285 1757 324 1751 347 1734 360 1704 341 1693 349 1653 345 1640 354 1625 345 1614 354 1589 334 1550 343 1533 358 1516 343 1457 339 1442 326 1410 341 1309 334 1156 345 1122 324 1096 341 985 330 932 343 898 320 881 330 819 328 804 337 774 324 753 337 740 326 697 320 635 330 601 315 552 313 531 326 490 326 445 311 401 311 384 324 369 313 296 307"/>
            </Shape>
	        <String CONTENT="conçue par Dufayel, puis cédée au Gouvernement Belge pour y" HPOS="292.0" VPOS="236.0" WIDTH="1465.0" HEIGHT="124.0"></String>
          </TextLine>
        
        
	      <TextLine ID="eSc_line_226266" BASELINE="290 373 324 369 422 369 475 379 672 377 701 384 806 388 987 388 1083 392 1158 394 1482 394 1627 405 1672 403 1813 409" HPOS="288.0" VPOS="330.0" WIDTH="1523.0" HEIGHT="115.0">
            <Shape>
              <Polygon POINTS="288 371 292 330 345 345 405 343 433 352 477 341 514 347 529 360 546 347 669 343 689 354 763 356 772 347 885 362 923 354 949 364 983 356 1070 366 1105 352 1130 364 1152 349 1171 366 1230 369 1245 360 1271 371 1314 362 1384 369 1410 356 1476 364 1495 379 1510 369 1550 371 1572 358 1617 384 1640 364 1670 377 1698 377 1715 364 1740 381 1802 381 1811 407 1804 445 1749 433 1702 433 1691 441 1672 430 1634 433 1612 418 1595 428 1518 428 1491 411 1472 426 1450 418 1433 433 1393 416 1346 428 1305 416 1292 424 1265 411 1237 435 1222 424 1107 418 1079 426 942 409 870 420 819 407 770 411 759 403 736 411 654 411 635 403 616 416 588 398 548 405 531 394 509 405 480 401 467 411 448 401 437 409 418 394 345 407 334 396 292 392"/>
            </Shape>
	        <String CONTENT="loger ses services essayer de reprendre vie. Les rues joliment" HPOS="288.0" VPOS="330.0" WIDTH="1523.0" HEIGHT="115.0"></String>
          </TextLine>
        
        
	      <TextLine ID="eSc_line_226267" BASELINE="290 450 326 458 499 460 546 465 755 462 778 467 853 469 881 473 1124 471 1190 477 1290 482 1585 480 1606 484 1721 490 1779 486" HPOS="288.0" VPOS="416.0" WIDTH="1489.0" HEIGHT="106.0">
            <Shape>
              <Polygon POINTS="288 448 296 424 388 428 407 416 437 430 454 418 492 433 561 428 601 445 635 426 661 435 810 439 825 450 846 433 861 441 896 435 908 443 951 443 985 430 1009 441 1075 433 1115 452 1158 441 1226 452 1243 443 1256 454 1320 439 1380 450 1416 441 1440 462 1472 450 1572 448 1587 458 1619 445 1678 460 1730 452 1751 465 1770 458 1777 484 1770 518 1696 509 1674 522 1617 503 1604 512 1518 509 1484 507 1472 497 1440 514 1422 501 1405 509 1352 503 1329 516 1316 505 1248 509 1230 501 1192 516 1109 494 1096 503 1034 497 1002 507 957 494 836 494 825 503 814 492 789 490 765 490 755 501 742 490 667 501 603 482 292 486"/>
            </Shape>
	        <String CONTENT="pavoisées de drapeaux interalliés multicolores, comme les ba-" HPOS="288.0" VPOS="416.0" WIDTH="1489.0" HEIGHT="106.0"></String>
          </TextLine>
        
        
	      <TextLine ID="eSc_line_226268" BASELINE="290 544 341 539 465 539 520 552 541 548 866 548 887 554 964 558 1156 556 1260 563 1422 563 1444 567 1655 565 1678 569 1717 576" HPOS="288.0" VPOS="505.0" WIDTH="1427.0" HEIGHT="98.0">
            <Shape>
              <Polygon POINTS="288 544 296 505 418 512 428 522 448 507 465 507 501 524 520 507 603 507 631 526 644 516 731 518 742 507 774 526 795 516 817 520 834 505 864 524 898 518 942 529 1000 526 1017 514 1041 526 1113 533 1194 518 1211 531 1254 537 1284 526 1297 535 1371 531 1403 548 1422 533 1472 522 1504 537 1621 531 1706 546 1715 576 1681 601 1661 593 1632 601 1621 593 1608 599 1559 586 1518 588 1508 580 1495 590 1465 593 1427 588 1414 578 1390 593 1284 588 1260 603 1235 580 1218 590 1188 584 1166 595 1128 580 1079 590 1028 578 951 584 883 576 846 584 761 573 748 584 738 571 654 569 642 580 608 569 516 576 499 563 484 576 471 565 435 571 292 558"/>
            </Shape>
	        <String CONTENT="teaux du port, sont très animées, très gaies. Une musique" HPOS="288.0" VPOS="505.0" WIDTH="1427.0" HEIGHT="98.0"></String>
          </TextLine>
        
        
	      <TextLine ID="eSc_line_226269" BASELINE="273 620 394 627 627 625 650 631 750 635 957 633 1015 640 1152 644 1388 642 1446 648 1544 652 1661 650 1821 661" HPOS="273.0" VPOS="586.0" WIDTH="1548.0" HEIGHT="113.0">
            <Shape>
              <Polygon POINTS="273 620 277 597 322 586 347 595 381 590 398 601 454 588 509 590 520 599 605 593 618 605 642 590 686 603 763 603 776 595 825 608 868 597 883 608 957 605 981 614 1013 597 1028 603 1047 595 1079 612 1117 597 1149 616 1262 608 1354 622 1376 610 1418 608 1450 618 1465 610 1478 620 1550 622 1582 612 1595 620 1634 616 1681 627 1717 608 1747 608 1768 625 1785 620 1804 631 1821 661 1815 686 1789 699 1747 676 1698 697 1670 678 1482 678 1469 665 1442 674 1177 669 1158 682 1126 665 1083 682 1041 661 994 674 947 665 936 674 904 661 861 665 842 650 812 663 729 652 695 663 640 654 627 665 571 650 465 659 441 648 275 646"/>
            </Shape>
	        <String CONTENT="d&#39;un régiment écossais donne à la/population des concerts qu&#39;ap-" HPOS="273.0" VPOS="586.0" WIDTH="1548.0" HEIGHT="113.0"></String>
          </TextLine>
        
        
	      <TextLine ID="eSc_line_226270" BASELINE="292 699 416 706 469 712 704 710 725 714 827 721 1017 725 1117 725 1145 729 1425 729 1474 725 1508 733 1555 733 1580 738 1747 736 1800 740" HPOS="290.0" VPOS="665.0" WIDTH="1508.0" HEIGHT="117.0">
            <Shape>
              <Polygon POINTS="290 697 294 674 315 669 413 678 443 665 469 686 484 676 526 678 548 693 582 672 605 684 667 678 706 686 742 678 785 691 819 667 851 693 904 680 917 691 938 682 957 693 1041 689 1064 691 1090 710 1105 710 1143 684 1173 699 1228 701 1275 701 1309 686 1324 697 1416 704 1538 693 1563 697 1582 714 1595 704 1781 708 1792 710 1798 738 1792 765 1757 782 1723 759 1678 770 1668 761 1597 761 1580 753 1565 763 1523 755 1467 763 1444 755 1420 765 1401 748 1382 755 1329 744 1280 759 1175 744 1124 753 1109 740 1090 755 953 746 923 759 902 742 874 755 853 744 812 753 785 738 774 746 755 738 682 746 462 729 437 746 420 733 398 742 377 727 362 740 347 729 315 729 294 742"/>
            </Shape>
	        <String CONTENT="aplaudit un auditoire cosmopolite. Le Havre me parait avoir ga-" HPOS="290.0" VPOS="665.0" WIDTH="1508.0" HEIGHT="117.0"></String>
          </TextLine>
        
        
	      <TextLine ID="eSc_line_226271" BASELINE="281 787 490 787 588 797 787 795 819 802 870 802 891 806 1073 804 1145 810 1228 810 1299 814 1523 812 1550 819 1768 823" HPOS="281.0" VPOS="744.0" WIDTH="1487.0" HEIGHT="113.0">
            <Shape>
              <Polygon POINTS="281 787 292 748 328 757 356 744 375 761 392 750 437 763 503 757 539 772 565 757 608 770 704 759 755 772 770 765 789 782 842 765 881 776 1013 774 1030 782 1107 774 1152 782 1190 772 1243 787 1307 778 1504 787 1523 776 1546 789 1632 785 1655 797 1672 787 1740 787 1764 795 1768 823 1760 846 1702 846 1687 857 1651 832 1629 846 1593 849 1555 832 1538 844 1371 834 1275 853 1250 832 1233 844 1205 834 1094 829 1075 840 1043 827 1011 838 998 829 962 836 953 825 925 821 902 836 881 823 806 819 795 827 680 819 635 827 616 817 435 823 364 804 285 814"/>
            </Shape>
	        <String CONTENT="gné depuis la guerre. On y est beaucoup plus vivant que dans" HPOS="281.0" VPOS="744.0" WIDTH="1487.0" HEIGHT="113.0"></String>
          </TextLine>
        
        
	      <TextLine ID="eSc_line_226287" BASELINE="283 868 343 874 578 872 661 878 691 885 721 881 885 881 936 883 1009 891 1184 889 1260 896 1399 896 1422 900 1614 898 1636 902 1698 904 1725 908 1794 906 1815 910 1847 902" HPOS="283.0" VPOS="829.0" WIDTH="1564.0" HEIGHT="116.0">
            <Shape>
              <Polygon POINTS="283 868 288 840 320 832 364 849 379 836 401 840 416 829 475 844 573 840 603 853 627 840 646 849 748 851 765 838 782 851 808 842 866 853 902 844 938 861 977 844 1019 864 1115 855 1160 859 1177 874 1198 864 1256 870 1267 861 1326 859 1337 868 1350 859 1382 868 1416 861 1454 878 1480 864 1544 876 1625 874 1655 864 1689 876 1734 868 1757 878 1806 876 1847 902 1841 919 1815 938 1755 928 1725 945 1687 925 1612 925 1595 934 1561 923 1480 930 1454 913 1410 928 1290 917 1267 925 1250 913 1209 928 1173 908 1128 930 1113 917 1038 915 1028 923 1019 915 938 908 797 913 744 904 733 913 674 900 565 906 552 896 288 896"/>
            </Shape>
	        <String CONTENT="nos villes de l’intérieur. J’assiste au passage des coureurs du" HPOS="283.0" VPOS="829.0" WIDTH="1564.0" HEIGHT="116.0"></String>
          </TextLine>
        
        
	      <TextLine ID="eSc_line_226288" BASELINE="266 949 467 949 556 960 746 957 827 968 1038 966 1117 977 1363 974 1544 985 1696 983 1813 989" HPOS="266.0" VPOS="910.0" WIDTH="1547.0" HEIGHT="114.0">
            <Shape>
              <Polygon POINTS="266 949 277 910 305 923 341 917 460 930 477 915 567 932 648 932 674 921 695 932 765 936 832 930 919 940 942 932 951 940 977 936 1034 949 1088 947 1100 936 1126 945 1143 932 1207 951 1299 940 1316 947 1333 938 1348 951 1484 940 1555 968 1576 951 1657 960 1762 953 1806 977 1813 989 1806 1021 1747 1013 1715 1024 1704 1015 1657 1019 1608 1006 1593 1019 1557 1006 1489 1004 1427 1004 1399 1017 1382 1004 1339 1000 1282 1000 1258 1011 1198 998 1117 998 1100 1009 1088 1000 1032 1000 1015 1011 992 1000 893 998 789 979 770 992 605 983 588 994 522 981 499 996 462 977 445 987 433 979 394 987 270 977"/>
            </Shape>
	        <String CONTENT="tour de France de la victoire, grande manifestation cycliste..." HPOS="266.0" VPOS="910.0" WIDTH="1547.0" HEIGHT="114.0"></String>
          </TextLine>
        
        
	      <TextLine ID="eSc_line_226272" BASELINE="439 1038 567 1034 689 1045 859 1043 942 1053 1158 1051 1222 1058 1350 1062 1493 1060 1591 1062 1659 1070 1768 1066" HPOS="439.0" VPOS="1000.0" WIDTH="1329.0" HEIGHT="107.0">
            <Shape>
              <Polygon POINTS="439 1038 441 1002 497 1000 507 1011 539 1002 556 1019 614 1002 633 1019 678 1006 706 1017 721 1009 738 1019 765 1017 774 1026 878 1013 902 1028 915 1017 964 1030 979 1017 1043 1026 1102 1017 1130 1028 1175 1024 1194 1036 1262 1028 1288 1034 1297 1026 1309 1034 1335 1026 1369 1041 1422 1030 1437 1036 1457 1024 1482 1036 1529 1032 1563 1043 1678 1032 1693 1043 1715 1034 1725 1045 1757 1043 1768 1066 1762 1098 1721 1096 1708 1107 1687 1092 1644 1102 1600 1098 1576 1085 1563 1098 1478 1090 1459 1100 1422 1085 1386 1094 1361 1083 1309 1094 1297 1081 1250 1081 1230 1098 1188 1073 1152 1090 1109 1077 1088 1085 1021 1085 989 1073 977 1085 964 1079 936 1090 904 1073 849 1079 812 1070 776 1083 750 1070 708 1081 697 1068 682 1075 644 1062 582 1073 552 1062 518 1070 482 1062 469 1073 441 1060"/>
            </Shape>
	        <String CONTENT="J&#39;ai le temps, car la &quot;SAVOIE, que je m&#39;étais hâté de" HPOS="439.0" VPOS="1000.0" WIDTH="1329.0" HEIGHT="107.0"></String>
          </TextLine>
        
        
	      <TextLine ID="eSc_line_226289" BASELINE="268 1111 347 1111 520 1122 689 1117 733 1130 859 1130 936 1126 964 1134 987 1137 1207 1137 1228 1143 1290 1143 1335 1147 1504 1147 1550 1143 1587 1152 1796 1158" HPOS="268.0" VPOS="1073.0" WIDTH="1528.0" HEIGHT="117.0">
            <Shape>
              <Polygon POINTS="268 1111 281 1079 322 1088 362 1081 405 1094 477 1092 518 1073 548 1092 578 1090 601 1102 697 1081 729 1105 770 1100 795 1083 834 1102 861 1102 876 1090 896 1105 953 1096 1004 1109 1017 1100 1041 1115 1056 1102 1111 1100 1137 1113 1173 1102 1207 1128 1237 1105 1254 1113 1269 1102 1284 1113 1309 1105 1335 1117 1369 1105 1384 1117 1435 1124 1463 1109 1495 1132 1516 1117 1531 1124 1550 1113 1593 1134 1623 1122 1661 1126 1672 1137 1734 1115 1747 1126 1787 1126 1796 1158 1789 1186 1719 1179 1687 1190 1661 1175 1642 1190 1593 1164 1578 1177 1529 1184 1493 1160 1452 1181 1384 1179 1346 1166 1318 1175 1273 1158 1258 1169 1218 1160 1194 1171 1124 1173 1056 1160 1011 1164 998 1175 979 1158 942 1154 915 1169 893 1156 872 1162 836 1152 682 1154 650 1145 603 1164 567 1145 475 1145 458 1154 392 1141 352 1149 273 1141"/>
            </Shape>
	        <String CONTENT="venir prendre a dû retarder son départ. L&#39;équipage est en grève." HPOS="268.0" VPOS="1073.0" WIDTH="1528.0" HEIGHT="117.0"></String>
          </TextLine>
        
        
	      <TextLine ID="eSc_line_226273" BASELINE="266 1190 379 1198 499 1196 599 1207 772 1205 797 1209 819 1218 864 1213 1043 1218 1083 1224 1286 1222 1307 1226 1416 1233 1619 1230 1670 1233 1770 1243" HPOS="266.0" VPOS="1152.0" WIDTH="1504.0" HEIGHT="121.0">
            <Shape>
              <Polygon POINTS="266 1190 273 1152 305 1171 341 1164 384 1179 405 1169 462 1164 505 1184 552 1166 578 1177 612 1166 642 1179 661 1169 667 1177 714 1184 746 1169 772 1190 812 1173 829 1186 864 1181 893 1192 934 1184 983 1188 996 1179 1009 1190 1154 1192 1164 1203 1222 1188 1331 1205 1346 1198 1371 1209 1427 1196 1459 1207 1495 1198 1561 1209 1589 1201 1632 1213 1766 1207 1770 1243 1760 1265 1676 1260 1661 1273 1638 1250 1608 1262 1578 1262 1561 1252 1544 1265 1465 1265 1440 1250 1290 1260 1262 1248 1216 1256 1152 1248 1134 1258 1120 1245 1094 1243 1062 1245 1036 1262 1011 1241 979 1252 938 1239 913 1248 893 1235 864 1256 842 1241 808 1239 795 1250 774 1228 744 1237 729 1230 689 1250 661 1230 627 1241 618 1233 595 1235 584 1243 550 1226 516 1224 422 1237 381 1207 356 1228 288 1220 268 1228"/>
            </Shape>
	        <String CONTENT="Mais cela s’arrange ; nous partirons, dit-on, ce soir et c’est" HPOS="266.0" VPOS="1152.0" WIDTH="1504.0" HEIGHT="121.0"></String>
          </TextLine>
        
        
	      <TextLine ID="eSc_line_226274" BASELINE="273 1273 428 1284 601 1284 691 1292 893 1290 974 1301 1068 1299 1162 1303 1211 1309 1335 1309 1480 1318 1760 1314" HPOS="270.0" VPOS="1235.0" WIDTH="1490.0" HEIGHT="121.0">
            <Shape>
              <Polygon POINTS="270 1271 273 1248 307 1235 324 1250 386 1258 482 1250 524 1262 556 1252 586 1262 644 1262 686 1250 740 1267 770 1258 806 1262 819 1273 842 1262 902 1273 987 1262 1013 1275 1043 1265 1060 1277 1090 1280 1145 1262 1209 1284 1237 1273 1324 1286 1393 1275 1454 1288 1467 1282 1491 1303 1514 1284 1565 1284 1580 1297 1617 1286 1666 1299 1696 1286 1732 1292 1755 1275 1760 1312 1753 1348 1685 1346 1670 1356 1646 1344 1604 1352 1576 1339 1512 1350 1484 1333 1465 1344 1435 1339 1420 1352 1399 1339 1241 1341 1228 1331 1171 1335 1090 1324 1068 1337 1060 1329 1004 1333 996 1322 942 1350 900 1324 868 1320 842 1331 817 1318 740 1318 718 1326 665 1314 588 1314 569 1322 486 1309 275 1309"/>
            </Shape>
	        <String CONTENT="dans cette incertitude d’ailleurs très tranquille que je vous" HPOS="270.0" VPOS="1235.0" WIDTH="1490.0" HEIGHT="121.0"></String>
          </TextLine>
        
        
	      <TextLine ID="eSc_line_226275" BASELINE="273 1361 364 1358 390 1363 465 1363 507 1369 665 1367 744 1378 906 1376 1009 1386 1128 1384 1348 1395 1491 1393 1516 1397 1582 1399 1604 1403 1734 1403" HPOS="273.0" VPOS="1324.0" WIDTH="1461.0" HEIGHT="116.0">
            <Shape>
              <Polygon POINTS="273 1361 283 1324 317 1335 362 1329 411 1348 445 1331 507 1335 524 1350 590 1326 635 1346 691 1348 733 1337 770 1358 844 1335 859 1348 928 1348 945 1358 994 1348 1043 1350 1070 1363 1081 1354 1117 1356 1139 1371 1156 1356 1305 1363 1329 1373 1371 1361 1395 1371 1448 1373 1540 1361 1559 1373 1612 1369 1627 1378 1655 1367 1670 1378 1730 1376 1734 1403 1728 1437 1693 1427 1642 1437 1619 1427 1580 1427 1561 1440 1546 1427 1523 1425 1512 1433 1463 1418 1446 1431 1429 1422 1352 1427 1329 1418 1156 1420 1132 1403 1092 1416 949 1410 934 1401 915 1410 812 1414 789 1399 618 1405 603 1397 593 1403 462 1390 435 1403 413 1393 401 1403 384 1388 277 1384"/>
            </Shape>
	        <String CONTENT="écris. Ces grèves de marins sont de plus en plus fréquentes." HPOS="273.0" VPOS="1324.0" WIDTH="1461.0" HEIGHT="116.0"></String>
          </TextLine>
        
        
	      <TextLine ID="eSc_line_226281" BASELINE="264 1437 343 1446 541 1444 631 1454 757 1452 827 1463 1002 1463 1030 1459 1094 1472 1339 1476 1365 1480 1565 1478 1591 1482 1659 1484 1681 1489 1764 1489 1796 1482" HPOS="262.0" VPOS="1408.0" WIDTH="1532.0" HEIGHT="115.0">
            <Shape>
              <Polygon POINTS="262 1435 268 1410 345 1422 356 1414 411 1418 426 1410 499 1422 524 1410 569 1427 582 1416 599 1422 618 1408 644 1431 676 1425 701 1435 727 1425 765 1440 780 1427 870 1425 887 1437 919 1427 936 1442 964 1433 1004 1444 1107 1431 1130 1446 1171 1444 1184 1433 1228 1444 1248 1431 1265 1444 1318 1437 1350 1459 1382 1446 1465 1450 1476 1459 1529 1452 1542 1461 1632 1452 1646 1463 1666 1452 1706 1461 1725 1450 1766 1450 1794 1480 1787 1518 1751 1512 1691 1523 1655 1510 1602 1521 1555 1504 1497 1518 1478 1506 1405 1512 1363 1499 1322 1508 1275 1497 1228 1506 1216 1497 1154 1501 1132 1482 1115 1495 1090 1491 1043 1504 1011 1486 992 1497 970 1486 908 1486 896 1495 806 1484 780 1493 704 1480 642 1486 569 1476 526 1482 462 1472 266 1469"/>
            </Shape>
	        <String CONTENT="Les matelots mê(m)e de l&#39;Etat se sont révoltés dans la Mer Noire," HPOS="262.0" VPOS="1408.0" WIDTH="1532.0" HEIGHT="115.0"></String>
          </TextLine>
        
        
	      <TextLine ID="eSc_line_226282" BASELINE="275 1523 328 1521 426 1531 576 1529 597 1536 665 1540 885 1540 938 1550 1006 1546 1085 1546 1222 1557 1344 1555 1371 1559 1497 1565 1738 1563 1796 1568" HPOS="273.0" VPOS="1491.0" WIDTH="1521.0" HEIGHT="115.0">
            <Shape>
              <Polygon POINTS="273 1521 275 1497 296 1491 324 1506 354 1493 364 1501 422 1493 443 1504 554 1508 578 1497 635 1512 659 1499 680 1518 765 1504 797 1514 836 1510 859 1529 893 1510 1036 1518 1062 1512 1120 1529 1164 1525 1188 1512 1241 1529 1290 1516 1318 1531 1363 1527 1373 1538 1384 1529 1393 1538 1489 1538 1506 1525 1538 1544 1766 1538 1789 1542 1794 1568 1787 1600 1725 1593 1706 1602 1640 1591 1617 1597 1600 1589 1523 1597 1495 1580 1474 1593 1440 1589 1416 1606 1382 1587 1339 1585 1326 1593 1294 1580 1256 1589 1220 1578 1147 1582 1134 1574 1105 1582 1056 1572 953 1578 921 1568 893 1582 857 1563 827 1576 802 1568 770 1574 748 1565 616 1559 580 1585 561 1568 503 1555 477 1563 456 1553 377 1561 362 1548 334 1559 324 1550 277 1550"/>
            </Shape>
	        <String CONTENT="et sont revenus à Brest, avec leurs officiers sous les verrous." HPOS="273.0" VPOS="1491.0" WIDTH="1521.0" HEIGHT="115.0"></String>
          </TextLine>
        
        
	      <TextLine ID="eSc_line_226283" BASELINE="266 1602 349 1608 654 1614 740 1619 770 1625 962 1623 1011 1627 1034 1634 1166 1632 1250 1636 1420 1640 1495 1651 1606 1649 1693 1653" HPOS="264.0" VPOS="1570.0" WIDTH="1427.0" HEIGHT="123.0">
            <Shape>
              <Polygon POINTS="264 1600 273 1570 300 1572 320 1587 375 1574 418 1587 426 1578 462 1589 486 1578 529 1589 546 1582 565 1595 590 1582 637 1602 669 1578 695 1591 738 1595 768 1587 857 1602 908 1587 925 1602 970 1602 998 1591 1009 1602 1021 1595 1107 1608 1124 1593 1137 1606 1237 1614 1352 1610 1514 1623 1572 1617 1629 1627 1668 1621 1687 1625 1691 1651 1685 1683 1655 1676 1625 1693 1591 1668 1557 1681 1465 1672 1420 1678 1369 1666 1352 1676 1299 1666 1280 1674 1260 1664 1220 1668 1122 1653 1109 1661 1064 1653 996 1661 979 1651 910 1659 887 1649 844 1657 742 1644 697 1659 682 1642 654 1644 642 1632 620 1644 565 1644 554 1636 505 1638 497 1646 467 1634 454 1644 426 1642 416 1632 394 1640 358 1634 345 1642 334 1634 266 1634"/>
            </Shape>
	        <String CONTENT="Il n&#39;y a pas eu d&#39;autres violences ; mais quel scandale que" HPOS="264.0" VPOS="1570.0" WIDTH="1427.0" HEIGHT="123.0"></String>
          </TextLine>
        
        
	      <TextLine ID="eSc_line_226284" BASELINE="251 1683 307 1683 328 1687 381 1687 467 1693 539 1691 827 1702 896 1710 1081 1708 1158 1713 1184 1719 1303 1717 1356 1723 1382 1730 1454 1725 1550 1725 1621 1732 1772 1732 1802 1736" HPOS="249.0" VPOS="1651.0" WIDTH="1551.0" HEIGHT="121.0">
            <Shape>
              <Polygon POINTS="249 1681 268 1657 315 1653 373 1657 392 1668 439 1651 486 1666 552 1668 610 1655 633 1676 657 1683 691 1664 716 1678 748 1666 774 1681 840 1678 853 1668 868 1678 917 1685 968 1670 983 1683 1073 1681 1100 1698 1122 1681 1166 1693 1188 1685 1201 1693 1376 1698 1393 1685 1459 1702 1546 1698 1570 1706 1585 1698 1604 1706 1623 1698 1636 1708 1661 1696 1689 1704 1708 1698 1721 1710 1774 1698 1796 1715 1800 1734 1783 1755 1715 1764 1683 1757 1664 1772 1636 1762 1623 1772 1606 1757 1576 1757 1557 1770 1512 1755 1346 1755 1335 1745 1275 1760 1235 1742 1124 1745 1096 1728 1077 1738 1030 1740 1019 1732 1002 1742 934 1734 910 1751 887 1734 861 1738 846 1730 725 1728 689 1740 659 1715 646 1725 605 1730 580 1721 480 1719 465 1728 456 1719 416 1721 398 1713 356 1721 251 1713"/>
            </Shape>
	        <String CONTENT="cette révolte!! dans cette marine de guerre si disciplinée, si" HPOS="249.0" VPOS="1651.0" WIDTH="1551.0" HEIGHT="121.0"></String>
          </TextLine>
        
        
	      <TextLine ID="eSc_line_226280" BASELINE="262 1764 341 1770 426 1768 539 1779 727 1777 759 1787 949 1785 1100 1796 1147 1794 1201 1798 1277 1798 1335 1804 1380 1802 1439 1806" HPOS="260.0" VPOS="1730.0" WIDTH="1177.0" HEIGHT="108.0">
            <Shape>
              <Polygon POINTS="260 1762 268 1734 337 1742 354 1730 366 1742 392 1738 424 1751 456 1732 486 1757 533 1738 544 1751 588 1751 599 1742 657 1760 682 1740 744 1760 759 1749 785 1757 819 1751 838 1762 859 1753 881 1766 910 1751 1024 1768 1034 1760 1077 1760 1085 1770 1111 1772 1158 1762 1192 1774 1211 1764 1329 1783 1348 1770 1388 1794 1431 1785 1437 1804 1429 1836 1192 1830 1158 1819 1139 1838 1120 1819 1081 1824 1021 1813 1000 1824 951 1813 887 1824 868 1809 849 1828 836 1815 810 1821 802 1813 778 1826 765 1813 676 1804 603 1804 561 1817 548 1804 501 1800 473 1802 462 1813 430 1809 413 1796 386 1804 356 1794 262 1800"/>
            </Shape>
	        <String CONTENT="douce ; ou chaque bâtiment était une famille..." HPOS="260.0" VPOS="1730.0" WIDTH="1177.0" HEIGHT="108.0"></String>
          </TextLine>
        
        
	      <TextLine ID="eSc_line_226285" BASELINE="426 1856 576 1853 597 1858 684 1864 857 1862 904 1873 998 1873 1090 1868 1115 1875 1177 1881 1309 1879 1390 1890 1533 1888 1595 1894 1768 1894 1796 1898" HPOS="426.0" VPOS="1817.0" WIDTH="1370.0" HEIGHT="117.0">
            <Shape>
              <Polygon POINTS="426 1856 430 1826 460 1817 509 1821 524 1834 556 1821 610 1832 620 1821 637 1834 661 1828 676 1841 691 1826 721 1819 755 1836 782 1830 851 1847 885 1834 945 1845 977 1828 987 1838 1019 1834 1032 1845 1196 1847 1258 1860 1273 1849 1312 1847 1337 1870 1367 1858 1414 1864 1427 1853 1446 1864 1463 1853 1476 1866 1525 1862 1533 1870 1612 1856 1640 1875 1661 1862 1672 1870 1691 1853 1713 1864 1736 1856 1751 1866 1792 1868 1796 1898 1762 1920 1676 1922 1659 1934 1649 1924 1559 1926 1533 1913 1504 1924 1333 1911 1318 1917 1260 1900 1241 1915 1224 1905 1173 1905 1149 1915 1134 1902 1090 1909 1038 1896 1004 1902 951 1894 934 1909 917 1894 804 1900 795 1892 755 1894 725 1879 693 1898 674 1881 642 1890 573 1881 565 1890 535 1877 497 1890 430 1883"/>
            </Shape>
	        <String CONTENT="Cela tient à bien des changements. Et d’abord ces cuiras-" HPOS="426.0" VPOS="1817.0" WIDTH="1370.0" HEIGHT="117.0"></String>
          </TextLine>
        
        
	      <TextLine ID="eSc_line_226278" BASELINE="249 1926 332 1932 484 1930 533 1934 556 1941 736 1939 757 1943 785 1943 806 1949 968 1947 1062 1956 1209 1958 1235 1960 1256 1966 1412 1964 1504 1975 1700 1973 1751 1977" HPOS="249.0" VPOS="1890.0" WIDTH="1502.0" HEIGHT="123.0">
            <Shape>
              <Polygon POINTS="249 1926 253 1902 292 1890 330 1907 343 1898 388 1907 416 1900 430 1913 501 1896 518 1909 561 1902 576 1915 614 1915 631 1905 644 1915 686 1917 706 1909 718 1917 742 1905 763 1922 793 1909 812 1917 825 1909 889 1930 945 1924 977 1907 989 1917 1004 1909 1032 1932 1051 1920 1130 1932 1149 1924 1175 1934 1194 1922 1207 1932 1237 1926 1252 1939 1273 1928 1312 1939 1331 1930 1344 1943 1363 1934 1410 1943 1427 1932 1444 1943 1459 1937 1469 1945 1516 1943 1565 1956 1610 1945 1685 1949 1698 1941 1738 1954 1751 1977 1742 2005 1706 1998 1687 2009 1636 2001 1593 2013 1576 1998 1516 2011 1497 1994 1463 2001 1427 1990 1414 2001 1384 2003 1331 1988 1297 2001 1256 1981 1220 1994 1043 1973 998 1979 981 1971 919 1992 900 1975 840 1981 814 1969 770 1977 744 1966 689 1966 657 1979 580 1958 522 1969 497 1962 486 1971 433 1956 384 1966 337 1954 253 1960"/>
            </Shape>
	        <String CONTENT="sés qui n’ont servi à rien qu&#39; à attendre la fin de la guerre," HPOS="249.0" VPOS="1890.0" WIDTH="1502.0" HEIGHT="123.0"></String>
          </TextLine>
        
        
	      <TextLine ID="eSc_line_226279" BASELINE="251 2009 330 2007 507 2018 721 2016 776 2026 910 2026 1002 2035 1085 2033 1237 2041 1452 2052 1499 2052 1525 2048 1555 2056 1772 2056" HPOS="249.0" VPOS="1964.0" WIDTH="1521.0" HEIGHT="133.0">
            <Shape>
              <Polygon POINTS="249 2007 253 1971 266 1981 305 1984 337 1964 384 1992 424 1979 467 1990 480 1979 522 1992 567 1984 610 1992 637 1984 731 1996 748 1986 770 1998 782 1988 810 2005 827 1992 864 2003 934 1994 1058 2009 1068 2001 1122 2007 1145 1998 1169 2013 1224 2005 1260 2016 1301 2011 1322 2022 1361 2018 1390 2026 1405 2016 1463 2030 1482 2020 1563 2035 1608 2018 1640 2030 1666 2018 1702 2030 1719 2022 1766 2030 1770 2054 1764 2071 1740 2082 1678 2084 1666 2092 1651 2082 1614 2090 1561 2077 1538 2097 1523 2082 1478 2090 1420 2077 1380 2086 1348 2071 1196 2075 1143 2060 1117 2069 1077 2062 1060 2045 1024 2067 966 2054 932 2069 900 2050 857 2060 736 2045 697 2058 669 2043 635 2054 627 2045 605 2052 593 2041 580 2050 563 2041 539 2048 522 2035 509 2043 469 2039 441 2052 416 2037 381 2043 345 2033 283 2041 253 2033"/>
            </Shape>
	        <String CONTENT="après avoir contribué à la rendre inévitable ; puis ces hécatom-" HPOS="249.0" VPOS="1964.0" WIDTH="1521.0" HEIGHT="133.0"></String>
          </TextLine>
        
        
	      <TextLine ID="eSc_line_226277" BASELINE="243 2089 273 2088 354 2090 375 2097 467 2092 643 2098 840 2101 900 2105 1015 2109 1064 2114 1164 2118 1220 2120 1267 2122 1305 2129 1429 2131 1472 2137 1710 2133" HPOS="241.0" VPOS="2045.0" WIDTH="1467.0" HEIGHT="131.0">
            <Shape>
              <Polygon POINTS="241 2088 245 2045 260 2058 317 2056 334 2069 352 2058 373 2062 392 2048 418 2067 460 2058 561 2073 640 2060 665 2075 729 2069 740 2080 770 2067 804 2082 834 2073 855 2080 881 2065 902 2080 949 2073 1006 2086 1024 2077 1115 2088 1126 2097 1145 2086 1184 2088 1205 2105 1220 2094 1307 2092 1337 2105 1431 2101 1459 2112 1486 2105 1649 2114 1683 2099 1702 2112 1708 2131 1702 2158 1672 2171 1617 2171 1582 2161 1550 2176 1518 2156 1452 2169 1358 2154 1324 2165 1292 2152 1271 2161 1254 2148 1141 2146 1113 2137 1094 2148 1049 2137 1032 2148 1011 2139 1000 2148 960 2129 825 2139 742 2122 680 2137 663 2122 531 2133 516 2120 471 2131 450 2120 435 2131 413 2118 375 2124 366 2114 349 2114 328 2129 300 2112 279 2126 268 2116 243 2114"/>
            </Shape>
	        <String CONTENT="bes des Dardanelles ; inutiles encore et révélatrices de tant" HPOS="241.0" VPOS="2045.0" WIDTH="1467.0" HEIGHT="131.0"></String>
          </TextLine>
        
        
	      <TextLine ID="eSc_line_226286" BASELINE="249 2171 533 2169 554 2173 629 2173 674 2180 817 2178 838 2182 941 2188" HPOS="247.0" VPOS="2133.0" WIDTH="693.0" HEIGHT="89.0">
            <Shape>
              <Polygon POINTS="247 2169 249 2139 270 2141 279 2133 292 2141 311 2135 320 2144 392 2146 443 2135 452 2144 546 2135 561 2148 584 2141 631 2152 684 2137 723 2148 736 2137 753 2152 800 2154 812 2165 846 2154 872 2165 934 2163 940 2186 934 2210 885 2218 861 2212 844 2222 829 2210 812 2218 800 2208 776 2214 727 2205 708 2220 693 2205 680 2212 603 2199 580 2210 550 2197 462 2197 450 2208 324 2197 307 2205 288 2186 249 2208"/>
            </Shape>
	        <String CONTENT="d’incapacité meurtrière....." HPOS="247.0" VPOS="2133.0" WIDTH="693.0" HEIGHT="89.0"></String>
          </TextLine>
        
        
	      <TextLine ID="eSc_line_226276" BASELINE="416 2250 469 2257 750 2267 917 2263 1105 2276 1194 2280 1309 2291 1565 2299 1687 2299 1736 2293" HPOS="416.0" VPOS="2208.0" WIDTH="1318.0" HEIGHT="130.0">
            <Shape>
              <Polygon POINTS="416 2248 420 2218 435 2208 460 2222 531 2222 548 2240 582 2222 595 2231 659 2231 667 2222 684 2233 718 2220 768 2244 800 2229 814 2237 872 2229 919 2235 936 2248 981 2227 998 2244 1017 2235 1043 2244 1051 2235 1094 2250 1111 2242 1128 2257 1145 2246 1177 2254 1194 2246 1209 2254 1245 2250 1262 2261 1282 2244 1303 2265 1320 2257 1346 2263 1361 2252 1395 2276 1440 2259 1465 2278 1495 2261 1582 2282 1591 2274 1687 2272 1698 2263 1734 2291 1725 2329 1704 2338 1691 2325 1659 2336 1642 2323 1597 2331 1585 2318 1572 2327 1518 2323 1489 2336 1463 2310 1446 2325 1416 2321 1401 2331 1369 2327 1358 2316 1333 2318 1322 2329 1312 2318 1269 2312 1250 2321 1235 2308 1196 2318 1186 2308 1134 2308 1126 2299 1094 2308 1038 2297 1019 2312 985 2297 934 2301 921 2289 889 2304 853 2299 840 2289 804 2310 774 2286 584 2282 550 2299 529 2280 490 2301 469 2280 450 2291 439 2280 418 2280"/>
            </Shape>
	        <String CONTENT="Notez qu’après chaque guerre, maintenant et même avant," HPOS="416.0" VPOS="2208.0" WIDTH="1318.0" HEIGHT="130.0"></String>
          </TextLine>
        </TextBlock>
        
      </PrintSpace>
    </Page>
  </Layout>
</alto>
