1770 2197
795.0 82.0 135.0 57.0 - 12 -

393.0 146.0 1311.0 77.0 cinquante ans, plusieurs fois à l'ordre du jour pour avoir sur€v€-

392.0 219.0 1275.0 66.0 volé en aéroplane, malgré la tempête et les feux de salve, les

392.0 287.0 1253.0 70.0 lignes ennemies ; il a fini par être frappé mortellement d’une

393.0 349.0 1232.0 70.0 ou plusieurs balles en plein vol, comme un oiseau, mais il a

393.0 421.0 1193.0 67.0 gardé l'énergie de se diriger pour atterir dans les lignes

397.0 487.0 960.0 67.0 française et faire son rapport avant d’expirer.

595.0 552.0 1052.0 72.0 Partout l'héroïsme est devenu la vie quotidienne de

392.0 629.0 522.0 59.0 nos armées, de la nation.

600.0 686.0 1008.0 64.0 Cela est si beau, si grand que je me garderais de

395.0 750.0 1292.0 72.0 blasphémer en disant un mot de ce que pourtant comme une brûlu-

395.0 825.0 1294.0 64.0 re au plus profond de ma conscience ; un mot qui trahisse ma co-

395.0 889.0 1294.0 68.0 l ère contre les hommes d'Etat qui n'ont pas souffert par avance

399.0 963.0 1233.0 62.0 de toutes les souffrances dont je suis témoin ; qui n'ont pas

399.0 1034.0 1250.0 53.0 su les imaginer et les prévenir! Les malheureux! Et je ne dis

397.0 1098.0 1327.0 60.0 rien non plus des lendemains de cette guerre, si jamais elle doit

399.0 1169.0 1292.0 63.0 finir! Le mal triomphe irréparable ; la haine est souveraine mai

401.0 1237.0 1231.0 61.0 tresse; la passiòn de nuire s’est substituée à la passion de

399.0 1298.0 1171.0 60.0 servir, et pour longtemps.... Hélas, la paix couvrira les

401.0 1365.0 1187.0 66.0 tombes d’herbe ou de fleurs, les pierres verdiront sous la

397.0 1439.0 1314.0 62.0 mousse, mais les naines survivront à la paix ; cette paix, quelle

399.0 1495.0 1176.0 72.0 quelle soit, fût-elle, comme je l'espère, l'écrasement de

401.0 1567.0 1229.0 64.0 l'Empire allemand, la rédemption de l’Alsace-Lorraine, n’em-

397.0 1627.0 1253.0 73.0 pêchera pas l’Allemagne d’avoir des enfants ; elle n’empêchera

399.0 1697.0 1273.0 69.0 pas ces enfants d’avoir dans les veines la volonté de vivre et

404.0 1766.0 1246.0 57.0 de se venger; la défaite les stimulera ; et alors? Il arrivera

403.0 1832.0 1222.0 66.0 ce que j'ai dit, redit sans cesse, inutilement de la guerre:

404.0 1896.0 1283.0 61.0 elle sera toujours à recommencer. En attendant, l’Allemagne au-

403.0 1971.0 1187.0 64.0 ra perdu ou disqualifié l'élite que nous essayions d’aller
