1738 2197
170.0 206.0 242.0 97.0 SÉNAT

648.0 148.0 297.0 66.0 LETTRE N° 473.

1025.0 278.0 511.0 66.0 PARIS, le 2 Février 1919.

315.0 505.0 1065.0 77.0 des ASSOCIATIONS pour la SOCIETE des NATIONS , -

606.0 435.0 404.0 75.0 LE PROGRAMME COMMUN

474.0 578.0 644.0 70.0 remis aux quatre GOUVERNEMENTS.

393.0 765.0 918.0 86.0 LE CONSEIL INTERALLIÉ de la rue PIERRE-CURIE .

529.0 875.0 646.0 71.0 NOTRE BUDGET et NOTRE PROGRAMME

655.0 913.0 209.0 61.0 pour 1919.

551.0 974.0 644.0 71.0 UN JOURNAL POPULAIRE de VÉRITÉ.

703.0 1111.0 339.0 53.0 Mon cher Butler,

529.0 1226.0 1086.0 72.0 Hier matin samedi, M. BOURGEOIS, les représentants des

333.0 1296.0 1242.0 62.0 délégations américaines (Hamilton HOLT, en attendant l’arrivée

335.0 1369.0 1276.0 53.0 de STRAUSS), anglaise et italienne et moi, sommes allés remettre

331.0 1435.0 1181.0 58.0 personnellement notre programme commun aux quatre chefs des

335.0 1504.0 1218.0 55.0 gouvernements alliés ; à M. CLEMENCEAU, à M. ORLANDO, à LLOYD-

335.0 1569.0 1274.0 56.0 GEORGE, au Colonel HOUSE, (en l'absence momentanée€s€ du Président

331.0 1636.0 1308.0 59.0 WILSON). Cette démarche et cette manifestation étaient opportunes.

329.0 1699.0 1218.0 67.0 Nous avons constaté que, loin d’etre accueillis avec réserve,

188.0 1799.0 692.0 64.0 à M. le Président N. Murray BUTLER

390.0 1839.0 172.0 61.0 NEW YORK
