1735 2197
831.0 124.0 295.0 73.0 LETTRE N° 602.

278.0 294.0 196.0 72.0 SENAT

1110.0 351.0 498.0 77.0 PARIS, 15 Décembre 1919.

469.0 497.0 1104.0 103.0 LE BILAN DE LA GUERRE DRESSÉ PAR LA DOTATION CARNEGIE.

967.0 693.0 337.0 57.0 Mon cher Butler,

315.0 924.0 1304.0 64.0 et non la presse bien pensante, a publié hier matin, 14 Décembre,

633.0 854.0 970.0 65.0 Un journal de Paris, l'"HUMANITÉ", bien entendu,

313.0 997.0 1277.0 57.0 en première page, un article saisissant, résumant un rapport de

315.0 1061.0 994.0 57.0 la Dotation Carnegie sur les pertes de la guerre.

311.0 1188.0 1114.0 69.0 résumeront le rapport en question. Cela est essentiel.

633.0 1125.0 977.0 59.0 Voici cet article. J'espère que d’autres journaux

309.0 1329.0 1279.0 60.0 de cette effroyable guerre, cela suffirait déjà à justifier son

650.0 1261.0 956.0 57.0 Si la Dotation n'arrivait qu'à dresser le bilan

302.0 1396.0 920.0 54.0 existence ; mais ce n'est qu'un commencement.

309.0 1521.0 1275.0 62.0 anticipation, tous les éléments que j'ai pu réunir pour nourrir

652.0 1464.0 934.0 61.0 Je lui fournirai, et je lui ai fourni déjà par

313.0 1592.0 1291.0 66.0 son enquête. Nous ne serons pas trop de deux volontés de chaque

309.0 1664.0 339.0 55.0 côté de l'océan.

307.0 1788.0 1277.0 72.0 et en Europe et dans le Monde entier. Comptez sur moi plus que

650.0 1722.0 914.0 64.0 Voilà l’œuvre à poursuivre et aux Etats-Unis

130.0 1948.0 949.0 69.0 à Monsieur le Président Nicholas Murray BUTLER.
