1752 2197
872 144 115 53 - 2 -

366.0 261.0 1213.0 64.0 documents.- Vous trouverez dans le discours de M. Bourgeois,

362.0 329.0 1303.0 71.0 comme je vous l'ai dit, beaucoup plus de sérénité, peut-être plus

366.0 400.0 1243.0 61.0 de sagesse, que dans mes critiques ; en tous cas, il constitue

364.0 470.0 1223.0 62.0 une imposante confirmation de nos convictions et de notre foi

364.0 530.0 1281.0 68.0 dans l’avenir de la Société des Nations.- Le lendemain j'étais

364.0 607.0 1223.0 50.0 absent, comme je vous l'ai dit ; d’autres devoir m’appelaient

362.0 673.0 1263.0 52.0 au Mans pour la préparation de nos élections prochaines, parti-

361.0 734.0 1284.0 64.0 culièrement compliquées cette fois, dans la Sarthe, que M. Cail-

361.0 809.0 1264.0 55.0 laux représente à la chambre. - J'ai pu revenir le Samedi matin

361.0 871.0 1262.0 60.0 pour la dernière séance et entendre, souvent même applaudir, le

357.0 942.0 1244.0 59.0 discours de Clemenceau. Admirable lutteur, esprit plus lucide

361.0 1006.0 1204.0 55.0 que jamais, pénétrant, aigu, toujours vif, il a tenu plus de

357.0 1071.0 1208.0 65.0 deux heures la tribune, à son âge : 78 ans ! Le sénat a voté

359.0 1136.0 1218.0 65.0 l'affichage de son discours comme celui de M. Léon Bourgeois ;

355.0 1208.0 1167.0 57.0 mais quelle différence entre les deux ; celui de Bourgeois

357.0 1263.0 1222.0 69.0 était un acte de foi ; trop complaisant à mon gré, mais inva-

357.0 1325.0 1241.0 66.0 riable dans l’avenir de la paix ; celui de Clemenceau, au con-

357.0 1389.0 1211.0 79.0 traire, un exposé brillant, amusant, émouvant, de ses doutes,

355.0 1464.0 1221.0 72.0 de ses expériences, de ses révoltes contre cette guerre qu'il

351.0 1537.0 1206.0 55.0 a pourtant considérée et qu’il considère encore comme inévi-

355.0 1605.0 1204.0 62.0 table ; rien de plus séduisant que cet exposé clair comme du

351.0 1669.0 1243.0 64.0 cristal, mais rien aussi de plus superficiel : certes, je lui

351.0 1728.0 1261.0 64.0 rends justice ; il n'a rien répondu à ce que j'ai dit de l'iso-

350.0 1801.0 1257.0 62.0 lement économique et financier de la France, à la mystification

348.0 1871.0 1204.0 67.0 du désarmement ; il a parlé des défaites de Louis XIV, et de
