1763 2197
729.0 104.0 128.0 58.0 - 4 -

489.0 192.0 1184.0 77.0 L'Empereur Guillaume II ne gagnera rien à être défendu par

388.0 267.0 1244.0 68.0 la presse de M. Hearst ;il portera, quoi qu'on en dise, toute

392.0 331.0 1220.0 71.0 la responsabilité de la guerre. Nulle part plus qu'en France

388.0 391.0 1184.0 77.0 l'opinion ne lui a fait crédit, aussi longtemps qu'on a pu

386.0 461.0 1223.0 69.0 espérer qu’il rêvait la gloire sans égale d'être Empereur de

386.0 536.0 1239.0 60.0 la paix. Les Français, plus sensibles que lui-même aux séduc-

386.0 602.0 1259.0 68.0 tions d’une destinée incomparable, lui ont prêté leur idéal de

384.0 670.0 1221.0 64.0 progr ès humain, leur propre espérance, celle d’un accord ho-

383.0 725.0 1303.0 78.0 norable, durable, par des concessions mutuelles, entre la France

384.0 794.0 1302.0 77.0 et l’Allemagne. Beaucoup d'Américains, nourris de l’enseignement

381.0 860.0 1204.0 77.0 des universités allemandes, beaucoup de neutres ont partagé

384.0 935.0 1298.0 68.0 comme vous, comme moi et comme bien des allemands, cette espéran

381.0 1001.0 1220.0 62.0 ce. Toutes ces manifestations d’un même besoin général de la

377.0 1067.0 1200.0 69.0 paix ne pouvaient laisser Guillaume II indifférent ; mais il

377.0 1129.0 1241.0 75.0 n’a pas su ppter entre deux ambitions contradictoires, celle

379.0 1204.0 1180.0 66.0 d’un nouveau Washington appelant les Peuples d'Europe à se

377.0 1261.0 1281.0 79.0 fédérer et celle d’un autre Napoléon Ier. Tandis qu’il écoutait

375.0 1331.0 1283.0 69.0 nos exhortations conciliantes, il préparait non pas la guerre €s€

379.0 1396.0 1318.0 74.0 seulement mais l’offensive, la violation du droit des gens et des

377.0 1470.0 1259.0 64.0 traités ; son Gouvernement fondé sur la force n’a voulu compter

377.0 1530.0 1217.0 73.0 que sur la force ; il a voulu dominer les peuples sans savoir

379.0 1598.0 1226.0 77.0 s'il leur était supérieur ou inférieur ; il a suscité le mili-

377.0 1662.0 1235.0 71.0 tarisme partout, même, par répercussion, en Russie où le Tzar

373.0 1733.0 1181.0 66.0 pourtant avait proposé le désarmement. Il pouvait du moins

373.0 1799.0 1219.0 66.0 retarder de son vivant le choc de toutes ces armées nées des

372.0 1863.0 1200.0 70.0 victoires allemandes de 1870-71 : il lui suffisait de ne pas

370.0 1927.0 1176.0 75.0 pousser le Gouvernement Autrichien à la guerre; il pouvait
