1745 2197
774.0 117.0 119.0 49.0 - 7 -

391.0 205.0 573.0 71.0 la coalition anti-allemande.

589.0 274.0 1084.0 72.0 En deux mots, la guerre actuelle, - si atroce qu'elle

391.0 349.0 1260.0 61.0 ait été déjà et qu’elle puisse être encore, - n’aura été qu’un

391.0 413.0 1218.0 63.0 commencement, le début de guerres continuelles où le nouveau

391.0 470.0 1275.0 73.0 monde finira par être entrainé, si nous ne laisons pas à l'Al-

393.0 541.0 1216.0 59.0 lemagne vaincue, mais vivante quand même, des raisons et des

390.0 606.0 1289.0 75.0 moyens de vivre ; on peut vaincre, exterminer des armées,on n’ex-

390.0 677.0 1197.0 68.0 termine pas un peuple de 70 millions d’habitants. Il faudra

388.0 750.0 1241.0 62.0 donc faire à l’Allemagne une place qui lui permette d’exercer

390.0 812.0 1234.0 66.0 son activité féconde dans les luttes de la concurence univer-

388.0 875.0 1120.0 73.0 selle. Si nous cédons à la tentation d’en finir avec la

391.0 939.0 1295.0 67.0 concurrence allemande, nous n’en finirons ni avec la concurrence

386.0 1010.0 1280.0 73.0 ni avec la guerre. Je n'ai cessé de dire cela depuis des années

384.0 1080.0 1240.0 60.0 à nos amis anglais, grisés par les théories de Chamberlin. Je

384.0 1149.0 1241.0 64.0 vois sans surprise mais avec peine les journaux bien pensants

386.0 1208.0 1256.0 75.0 de Londres et de Paris faire miroiter devant les yeux de leurs

384.0 1276.0 1199.0 73.0 lecteurs cette idée absurde que la guerre tuera le commerce

384.0 1342.0 1276.0 76.0 extérieur allemand, tandis que la production nationale anglaise

386.0 1409.0 1196.0 66.0 et française s’enrichira sans rivale et par conséquent sans

382.0 1473.0 154.0 74.0 effort.

569.0 1541.0 1047.0 73.0 La place doit être faite à l'Allemagne, de Berlin à

380.0 1612.0 1255.0 70.0 Vienne, dans l’organisation d’une confédération générale Euro-

380.0 1669.0 1253.0 79.0 péenne qui donnerait pleine satisfaction à l'Italie à Trieste,

384.0 1744.0 1172.0 68.0 installerait le Gouvernement Turc en Asie, reconstituerait

380.0 1808.0 1251.0 70.0 l'accord des Etats chrétiens Balkaniques, donnerait à la Polo-

379.0 1872.0 1235.0 77.0 gne, au Danemark, à la Finlande même, si possible, comme à la

379.0 1942.0 1228.0 68.0 Hongrie, à la Roumanie et, bien entendu, à l’Alsace-Lorraine,

379.0 2008.0 1254.0 69.0 la libre disposition de leurs destinées. Ainsi se trouveraient
