1748 2197
714.0 80.0 128.0 55.0 - 3 -

370.0 173.0 1269.0 65.0 à savoir que beaucoup des enfants des maris des pères et des

377.0 252.0 1261.0 51.0 frères qu'on a vu partir ne reviendront pas ; on enterre chaque

375.0 305.0 1263.0 72.0 jour un blessé ou deux, et davantage, et ainsi dans toutes les

377.0 382.0 1284.0 62.0 communes de tout ce qui n'est pas ocoupé par les Allemands dans

373.0 444.0 1243.0 68.0 le Pays. Ainsi les épreuves nationales ont dans chaque ville

377.0 510.0 1220.0 63.0 chaque village, chaque maison, chaque cœur, leur écho local

377.0 574.0 1242.0 64.0 et individuel: la France entière, si elle était victime d’une

377.0 648.0 1281.0 66.0 catastrophe naturelle, un tremblement de terre, une innondation

375.0 708.0 1198.0 66.0 un incendie, serait accablée ; mais non, c’est le contraire,

377.0 778.0 1262.0 66.0 car la catastrophe a été déchainée par une volonté malfaisante

377.0 854.0 1279.0 55.0 et chacun comprend que cette volonté, laissée libre, continuera

373.0 920.0 1206.0 64.0 de faire le mal jusqu’à ce qu’elle soit abattue . On n'a ni

375.0 988.0 960.0 66.0 le temps ni le désir de se plaindre ; on combat.

579.0 1052.0 1079.0 66.0 Cet acharnement d’un peuple à se défendre tient beau-

375.0 1124.0 1224.0 62.0 coup à l'acharnement bestial de son agresseur : plus l’armée

375.0 1190.0 1204.0 65.0 allemande se montre barbare, plus elle personnifie le fléau

375.0 1255.0 1226.0 61.0 dont il faut qu'on se rende maître. La discipline volontaire

377.0 1321.0 1275.0 55.0 de la France, la bonne organisation de son armée, de ses trans-

375.0 1389.0 1285.0 68.0 ports, de ses ravitaillements sont autant de fait qui attestent

377.0 1450.0 1242.0 62.0 la vitalité de son régime démocratique et qui nous rassu££r££rent

377.0 1499.0 1235.0 55.0 en nous prouvant que le caporalisme prussien trouvera finale-

373.0 1550.0 1237.0 64.0 ment dans notre persistance son châtiment. Chacun sent cela,

377.0 1620.0 1222.0 58.0 chacun crie: hardi! en mesurant ses forces non pas à celles

375.0 1695.0 1241.0 51.0 de la brute qui nous attaque, mais à notre volonté de vaincre

377.0 1755.0 975.0 57.0 et à la mauvaise conscience de notre adversaire.

579.0 1821.0 1038.0 64.0 Cet enthousiame réfléchi n’enflamme pas sans doute
