<?xml version="1.0" encoding="UTF-8"?>
<alto xmlns:xsi="http://www.w3.org/2001/XMLSchema-instance"
      xmlns="http://www.loc.gov/standards/alto/ns-v4#"
      xsi:schemaLocation="http://www.loc.gov/standards/alto/ns-v4# http://www.loc.gov/standards/alto/v4/alto-4-2.xsd">
  <Description>
    <MeasurementUnit>pixel</MeasurementUnit>
    <sourceImageInformation>
      <fileName>FRAD072_12J387_lettre0569_027.jpg</fileName>
      
    </sourceImageInformation>
  </Description>
  
  <Layout>
    <Page WIDTH="1761"
          HEIGHT="2197"
          PHYSICAL_IMG_NR="200"
          ID="eSc_dummypage_">
      <PrintSpace HPOS="0"
                  VPOS="0"
                  WIDTH="1761"
                  HEIGHT="2197">
        

        
        <TextBlock ID="eSc_dummyblock_">
          
          
          <TextLine ID="eSc_line_0ece64ea"
                    
                    BASELINE="929 172 1055 166" 
                    HPOS="925.0"
                    VPOS="126.0"
                    WIDTH="130.0"
                    HEIGHT="69.0">
            <Shape><Polygon POINTS="929 172 929 192 1053 195 1055 166 1050 135 993 137 987 135 967 126 965 126 963 126 962 126 925 135 929 172"/></Shape>
	    <String CONTENT="- 27 -"
                    HPOS="925.0"
                    VPOS="126.0"
                    WIDTH="130.0"
                    HEIGHT="69.0"></String>
          </TextLine>

          
          
          <TextLine ID="eSc_line_bf5fb73b"
                    
                    BASELINE="331 305 1689 298" 
                    HPOS="329.0"
                    VPOS="263.0"
                    WIDTH="1360.0"
                    HEIGHT="75.0">
            <Shape><Polygon POINTS="331 305 331 338 384 327 480 336 481 336 483 336 485 336 487 336 503 325 615 335 637 336 639 336 670 335 797 324 831 333 841 335 842 335 844 336 1004 336 1004 335 1044 329 1101 322 1147 327 1181 333 1183 333 1185 333 1207 327 1231 322 1427 322 1431 324 1438 331 1440 331 1442 331 1443 331 1445 331 1460 324 1467 320 1508 324 1592 331 1594 331 1687 320 1689 298 1685 274 1412 263 1410 263 1365 272 1352 263 1350 263 1348 263 1346 263 1345 263 1321 274 1308 274 1143 265 1141 265 1026 274 1006 278 824 278 822 276 804 267 802 267 800 267 798 267 797 267 786 276 784 278 329 278 331 305"/></Shape>
	    <String CONTENT="pantalon rouge, comme avant la guerre, comme sous le Premier Empire"
                    HPOS="329.0"
                    VPOS="263.0"
                    WIDTH="1360.0"
                    HEIGHT="75.0"></String>
          </TextLine>

          
          
          <TextLine ID="eSc_line_53b5ba73"
                    
                    BASELINE="331 369 1612 364" 
                    HPOS="329.0"
                    VPOS="335.0"
                    WIDTH="1283.0"
                    HEIGHT="56.0">
            <Shape><Polygon POINTS="331 369 331 391 1610 391 1612 364 1607 335 329 344 331 369"/></Shape>
	    <String CONTENT="c’est charmant et c’est désolant ; c&#39;est toujours à recommencer;"
                    HPOS="329.0"
                    VPOS="335.0"
                    WIDTH="1283.0"
                    HEIGHT="56.0"></String>
          </TextLine>

          
          
          <TextLine ID="eSc_line_7258db50"
                    
                    BASELINE="331 437 1614 430" 
                    HPOS="329.0"
                    VPOS="400.0"
                    WIDTH="1285.0"
                    HEIGHT="59.0">
            <Shape><Polygon POINTS="331 437 331 455 1588 459 1590 459 1592 459 1614 448 1614 430 1610 404 692 400 690 400 329 411 331 437"/></Shape>
	    <String CONTENT="c&#39;est un nid de militarisme et de tout ce que je combats. Raison"
                    HPOS="329.0"
                    VPOS="400.0"
                    WIDTH="1285.0"
                    HEIGHT="59.0"></String>
          </TextLine>

          
          
          <TextLine ID="eSc_line_0a3397a5"
                    
                    BASELINE="333 503 1605 496" 
                    HPOS="331.0"
                    VPOS="472.0"
                    WIDTH="1274.0"
                    HEIGHT="60.0">
            <Shape><Polygon POINTS="333 503 333 523 505 532 507 532 1605 519 1605 496 1599 472 331 477 333 503"/></Shape>
	    <String CONTENT="de plus pour m’obstiner dans ma tâche. J&#39;en ai été, cette fois"
                    HPOS="331.0"
                    VPOS="472.0"
                    WIDTH="1274.0"
                    HEIGHT="60.0"></String>
          </TextLine>

          
          
          <TextLine ID="eSc_line_f8e63053"
                    
                    BASELINE="333 567 566 567" 
                    HPOS="333.0"
                    VPOS="534.0"
                    WIDTH="233.0"
                    HEIGHT="72.0">
            <Shape><Polygon POINTS="333 567 333 606 566 595 566 567 564 534 333 541 333 567"/></Shape>
	    <String CONTENT="récompensé."
                    HPOS="333.0"
                    VPOS="534.0"
                    WIDTH="233.0"
                    HEIGHT="72.0"></String>
          </TextLine>

          
          
          <TextLine ID="eSc_line_c511a64e"
                    
                    BASELINE="663 633 1634 627" 
                    HPOS="661.0"
                    VPOS="593.0"
                    WIDTH="973.0"
                    HEIGHT="67.0">
            <Shape><Polygon POINTS="663 633 663 660 1632 651 1634 627 1630 602 1313 593 1312 593 1310 593 1308 593 1293 602 1013 595 1011 595 661 606 663 633"/></Shape>
	    <String CONTENT="Mon Comice, dont on prédisait l&#39;échec, a parfai-"
                    HPOS="661.0"
                    VPOS="593.0"
                    WIDTH="973.0"
                    HEIGHT="67.0"></String>
          </TextLine>

          
          
          <TextLine ID="eSc_line_170fd031"
                    
                    BASELINE="333 703 1634 695" 
                    HPOS="331.0"
                    VPOS="664.0"
                    WIDTH="1303.0"
                    HEIGHT="61.0">
            <Shape><Polygon POINTS="333 703 333 725 1634 723 1634 695 1630 664 1018 664 1017 664 1015 664 989 671 978 673 899 671 657 666 656 666 654 666 634 675 632 675 612 675 351 668 350 668 348 668 331 675 333 703"/></Shape>
	    <String CONTENT="tement réussi ; la journée, plus bele que celle du Dimanche pré-"
                    HPOS="331.0"
                    VPOS="664.0"
                    WIDTH="1303.0"
                    HEIGHT="61.0"></String>
          </TextLine>

          
          
          <TextLine ID="eSc_line_8907734f"
                    
                    BASELINE="333 765 1574 761" 
                    HPOS="331.0"
                    VPOS="730.0"
                    WIDTH="1243.0"
                    HEIGHT="64.0">
            <Shape><Polygon POINTS="333 765 333 794 1572 790 1574 761 1568 730 331 732 333 765"/></Shape>
	    <String CONTENT="cédent, s&#39;est passée admirablement. On n’avait jamais tant vu"
                    HPOS="331.0"
                    VPOS="730.0"
                    WIDTH="1243.0"
                    HEIGHT="64.0"></String>
          </TextLine>

          
          
          <TextLine ID="eSc_line_bdf93513"
                    
                    BASELINE="335 831 1533 831" 
                    HPOS="335.0"
                    VPOS="798.0"
                    WIDTH="1198.0"
                    HEIGHT="62.0">
            <Shape><Polygon POINTS="335 831 335 858 1530 860 1533 831 1530 800 436 807 434 807 404 798 403 798 401 798 335 807 335 831"/></Shape>
	    <String CONTENT="de monde dans les rues, sur les places. Les visages étaient"
                    HPOS="335.0"
                    VPOS="798.0"
                    WIDTH="1198.0"
                    HEIGHT="62.0"></String>
          </TextLine>

          
          
          <TextLine ID="eSc_line_c6cacf51"
                    
                    BASELINE="337 900 1351 903" 
                    HPOS="333"
                    VPOS="864"
                    WIDTH="1017"
                    HEIGHT="69">
            <Shape><Polygon POINTS="518 880 500 880 481 880 463 880 445 880 426 880 408 880 390 880 382 864 382 864 335 871 335 898 333 930 564 930 564 928 566 928 568 928 568 926 579 919 679 926 720 928 721 928 747 924 795 919 817 924 841 931 842 931 844 933 1037 933 1037 931 1039 931 1040 931 1051 922 1055 920 1348 920 1350 902 1350 876 1313 865 1312 865 1310 865 1308 865 1290 875 870 865 868 865 866 865 846 875 842 875 839 875 806 864 804 864 802 864 800 864 765 873 764 873 522 865 518 880"/></Shape>
	    <String CONTENT="souraients. La fête a duré très tard dans la nuit."
                    HPOS="333"
                    VPOS="864"
                    WIDTH="1017"
                    HEIGHT="69"></String>
          </TextLine>

          
          
          <TextLine ID="eSc_line_9a25bfa8"
                    
                    BASELINE="390 880 522 880" 
                    HPOS="388"
                    VPOS="847"
                    WIDTH="132"
                    HEIGHT="48">
            <Shape><Polygon POINTS="388 878 388 895 406 895 425 895 432 895 520 891 520 878 520 851 388 847 388 878"/></Shape>
	    <String CONTENT="££"
                    HPOS="388"
                    VPOS="847"
                    WIDTH="132"
                    HEIGHT="48"></String>
          </TextLine>

          
          
          <TextLine ID="eSc_line_2eb5957e"
                    
                    BASELINE="668 963 1658 966" 
                    HPOS="667.0"
                    VPOS="933.0"
                    WIDTH="991.0"
                    HEIGHT="53.0">
            <Shape><Polygon POINTS="668 963 667 986 1656 983 1658 966 1654 933 668 935 668 963"/></Shape>
	    <String CONTENT="Je rentre à Paris maintenant, la conscience tran-"
                    HPOS="667.0"
                    VPOS="933.0"
                    WIDTH="991.0"
                    HEIGHT="53.0"></String>
          </TextLine>

          
          
          <TextLine ID="eSc_line_a88e484b"
                    
                    BASELINE="337 1032 1652 1032" 
                    HPOS="337.0"
                    VPOS="995.0"
                    WIDTH="1315.0"
                    HEIGHT="70.0">
            <Shape><Polygon POINTS="337 1032 337 1065 465 1065 465 1063 467 1063 469 1063 481 1052 674 1061 740 1063 742 1063 819 1060 951 1052 987 1058 1024 1063 1026 1063 1084 1056 1128 1052 1137 1056 1150 1061 1152 1061 1154 1061 1213 1056 1249 1052 1260 1056 1286 1063 1288 1063 1290 1063 1486 1052 1511 1052 1513 1052 1541 1063 1542 1063 1544 1063 1651 1050 1652 1032 1651 1003 1487 995 1486 995 1442 1001 1409 1005 1396 1001 1383 995 1381 995 1379 995 1378 995 1359 1001 1343 1006 1134 1006 1090 999 1062 995 1060 995 1059 995 1057 995 1053 999 1040 1006 784 1006 767 997 764 995 762 995 590 995 588 995 569 995 437 1005 337 995 337 1032"/></Shape>
	    <String CONTENT="quille. J&#39;ai rattrapé le temps que j&#39;avais consacré à mes voyages"
                    HPOS="337.0"
                    VPOS="995.0"
                    WIDTH="1315.0"
                    HEIGHT="70.0"></String>
          </TextLine>

          
          
          <TextLine ID="eSc_line_e91d6548"
                    
                    BASELINE="335 1098 1616 1094" 
                    HPOS="333.0"
                    VPOS="1065.0"
                    WIDTH="1283.0"
                    HEIGHT="62.0">
            <Shape><Polygon POINTS="335 1098 335 1127 445 1118 912 1125 914 1125 976 1116 1612 1124 1616 1094 1610 1065 333 1069 335 1098"/></Shape>
	    <String CONTENT="aux Etats-Unis et en Angleterre. J&#39;ai dû renoncer à me rendre à"
                    HPOS="333.0"
                    VPOS="1065.0"
                    WIDTH="1283.0"
                    HEIGHT="62.0"></String>
          </TextLine>

          
          
          <TextLine ID="eSc_line_d43096ee"
                    
                    BASELINE="337 1164 1596 1160" 
                    HPOS="335.0"
                    VPOS="1131.0"
                    WIDTH="1261.0"
                    HEIGHT="60.0">
            <Shape><Polygon POINTS="337 1164 337 1191 1594 1188 1596 1160 1592 1135 390 1131 388 1131 335 1140 337 1164"/></Shape>
	    <String CONTENT="Genève où m’appelait avec insistance l&#39;Union Interparlementaire"
                    HPOS="335.0"
                    VPOS="1131.0"
                    WIDTH="1261.0"
                    HEIGHT="60.0"></String>
          </TextLine>

          
          
          <TextLine ID="eSc_line_70d9c161"
                    
                    BASELINE="335 1230 1478 1226" 
                    HPOS="333.0"
                    VPOS="1193.0"
                    WIDTH="1145.0"
                    HEIGHT="64.0">
            <Shape><Polygon POINTS="335 1230 335 1257 1476 1254 1478 1226 1475 1204 1313 1204 1286 1193 1284 1193 1282 1193 1066 1202 1015 1193 1013 1193 1011 1193 987 1202 929 1193 927 1193 925 1193 923 1193 908 1202 751 1195 749 1195 747 1195 745 1195 732 1204 705 1195 703 1195 701 1195 700 1195 698 1195 683 1204 542 1195 540 1195 538 1195 536 1195 525 1204 505 1195 503 1195 502 1195 432 1204 386 1195 384 1195 333 1206 335 1230"/></Shape>
	    <String CONTENT="et nous avons ajourné la réunion des Associations pour la"
                    HPOS="333.0"
                    VPOS="1193.0"
                    WIDTH="1145.0"
                    HEIGHT="64.0"></String>
          </TextLine>

          
          
          <TextLine ID="eSc_line_272b8487"
                    
                    BASELINE="335 1294 1627 1294" 
                    HPOS="335.0"
                    VPOS="1263.0"
                    WIDTH="1292.0"
                    HEIGHT="62.0">
            <Shape><Polygon POINTS="335 1294 335 1323 487 1314 505 1323 507 1323 509 1323 569 1314 593 1323 595 1323 597 1323 725 1314 738 1323 740 1323 742 1323 743 1325 930 1325 930 1323 932 1323 934 1323 949 1314 1163 1323 1165 1325 1326 1325 1326 1323 1328 1323 1330 1323 1345 1314 1520 1323 1522 1323 1524 1323 1526 1323 1541 1314 1625 1323 1627 1294 1625 1263 335 1266 335 1294"/></Shape>
	    <String CONTENT="société des Nations qui devait se tenir à Bruxelles. Maintenant,"
                    HPOS="335.0"
                    VPOS="1263.0"
                    WIDTH="1292.0"
                    HEIGHT="62.0"></String>
          </TextLine>

          
          
          <TextLine ID="eSc_line_7e47ace1"
                    
                    BASELINE="333 1362 1610 1358" 
                    HPOS="331.0"
                    VPOS="1329.0"
                    WIDTH="1279.0"
                    HEIGHT="55.0">
            <Shape><Polygon POINTS="333 1362 333 1384 1608 1384 1610 1358 1607 1331 331 1329 333 1362"/></Shape>
	    <String CONTENT="une fois réinstallé à Paris, aussitôt le traité de paix ratifié,"
                    HPOS="331.0"
                    VPOS="1329.0"
                    WIDTH="1279.0"
                    HEIGHT="55.0"></String>
          </TextLine>

          
          
          <TextLine ID="eSc_line_abe3f58a"
                    
                    BASELINE="335 1428 1676 1424" 
                    HPOS="333.0"
                    VPOS="1391.0"
                    WIDTH="1343.0"
                    HEIGHT="66.0">
            <Shape><Polygon POINTS="335 1428 335 1451 571 1457 573 1457 575 1457 597 1451 610 1448 645 1450 723 1457 725 1457 762 1450 773 1448 789 1450 852 1457 853 1457 890 1448 897 1448 903 1448 945 1457 947 1457 949 1457 974 1448 976 1446 1209 1446 1211 1446 1231 1455 1233 1455 1235 1455 1236 1455 1255 1446 1257 1446 1374 1446 1401 1455 1403 1455 1405 1457 1577 1457 1577 1455 1676 1442 1676 1424 1673 1391 1035 1391 1033 1391 1031 1391 1013 1396 998 1400 819 1398 370 1393 368 1393 366 1393 333 1402 335 1428"/></Shape>
	    <String CONTENT="pour ce qu&#39;il vaut, et la période des élections ouvertes, je pourrai"
                    HPOS="333.0"
                    VPOS="1391.0"
                    WIDTH="1343.0"
                    HEIGHT="66.0"></String>
          </TextLine>

          
          
          <TextLine ID="eSc_line_456fd31a"
                    
                    BASELINE="333 1493 1559 1490" 
                    HPOS="331.0"
                    VPOS="1462.0"
                    WIDTH="1228.0"
                    HEIGHT="57.0">
            <Shape><Polygon POINTS="333 1493 333 1519 1557 1517 1559 1490 1553 1462 331 1466 333 1493"/></Shape>
	    <String CONTENT="me diriger dans la Sarthe et faire face aux difficultés d&#39;une"
                    HPOS="331.0"
                    VPOS="1462.0"
                    WIDTH="1228.0"
                    HEIGHT="57.0"></String>
          </TextLine>

          
          
          <TextLine ID="eSc_line_33c60336"
                    
                    BASELINE="335 1556 1599 1559" 
                    HPOS="333.0"
                    VPOS="1521.0"
                    WIDTH="1266.0"
                    HEIGHT="68.0">
            <Shape><Polygon POINTS="335 1556 333 1585 696 1587 698 1587 700 1587 707 1583 718 1578 732 1583 742 1587 743 1587 745 1587 857 1583 954 1580 965 1583 985 1589 987 1589 989 1589 991 1589 1011 1581 1020 1580 1064 1581 1181 1589 1183 1589 1185 1589 1202 1581 1205 1580 1220 1581 1286 1589 1288 1589 1330 1580 1337 1580 1597 1580 1599 1559 1596 1523 1535 1532 1517 1523 1515 1523 1513 1523 1511 1523 1458 1532 1414 1523 1412 1523 1410 1523 1409 1523 1368 1534 1235 1534 1222 1523 1220 1523 1218 1523 1216 1523 1214 1523 1213 1523 1200 1534 1125 1534 1093 1523 1090 1523 1088 1523 1086 1523 1084 1523 1082 1523 1066 1532 1033 1523 1029 1523 1028 1523 1026 1523 1024 1523 1022 1523 1004 1532 976 1525 967 1521 965 1521 963 1521 941 1525 901 1530 335 1526 335 1556"/></Shape>
	    <String CONTENT="situation compliquée, sans doute, et même très ingrate, mais où"
                    HPOS="333.0"
                    VPOS="1521.0"
                    WIDTH="1266.0"
                    HEIGHT="68.0"></String>
          </TextLine>

          
          
          <TextLine ID="eSc_line_1fea3edc"
                    
                    BASELINE="337 1627 1654 1627" 
                    HPOS="337.0"
                    VPOS="1594.0"
                    WIDTH="1317.0"
                    HEIGHT="62.0">
            <Shape><Polygon POINTS="337 1627 337 1655 384 1645 432 1655 437 1655 439 1655 445 1655 505 1645 586 1653 606 1655 608 1655 610 1655 615 1653 641 1645 797 1651 885 1655 886 1655 907 1651 932 1645 962 1651 989 1655 991 1655 1017 1649 1040 1645 1066 1649 1101 1655 1103 1656 1568 1656 1568 1655 1654 1644 1654 1627 1652 1594 337 1596 337 1627"/></Shape>
	    <String CONTENT="je vois clair. C&#39;est le principal.- Voilà mon voyage fini.- Vous"
                    HPOS="337.0"
                    VPOS="1594.0"
                    WIDTH="1317.0"
                    HEIGHT="62.0"></String>
          </TextLine>

          
          
          <TextLine ID="eSc_line_f81b63da"
                    
                    BASELINE="335 1693 1121 1688" 
                    HPOS="333.0"
                    VPOS="1655.0"
                    WIDTH="788.0"
                    HEIGHT="71.0">
            <Shape><Polygon POINTS="335 1693 337 1726 364 1715 538 1715 564 1724 566 1724 568 1724 569 1724 571 1724 615 1713 798 1713 819 1722 824 1724 826 1724 828 1724 848 1722 923 1711 941 1720 945 1722 947 1722 949 1722 963 1720 1015 1713 1029 1720 1033 1722 1035 1722 1037 1722 1121 1719 1121 1688 1117 1664 861 1655 859 1655 857 1655 855 1655 841 1664 364 1658 362 1658 360 1658 333 1667 335 1693"/></Shape>
	    <String CONTENT="en avez la primeur,pour vous tout seul."
                    HPOS="333.0"
                    VPOS="1655.0"
                    WIDTH="788.0"
                    HEIGHT="71.0"></String>
          </TextLine>

          
          
          <TextLine ID="eSc_line_a1df05f8"
                    
                    BASELINE="989 1757 1574 1757" 
                    HPOS="989.0"
                    VPOS="1722.0"
                    WIDTH="585.0"
                    HEIGHT="59.0">
            <Shape><Polygon POINTS="989 1757 989 1781 1574 1777 1574 1757 1574 1730 989 1722 989 1757"/></Shape>
	    <String CONTENT="Votre affectueusement dévoué"
                    HPOS="989.0"
                    VPOS="1722.0"
                    WIDTH="585.0"
                    HEIGHT="59.0"></String>
          </TextLine>

          
          
          <TextLine ID="eSc_line_5144c3c2"
                    
                    BASELINE="1017 1829 1500 1823" 
                    HPOS="1015.0"
                    VPOS="1790.0"
                    WIDTH="485.0"
                    HEIGHT="73.0">
            <Shape><Polygon POINTS="1017 1829 1017 1861 1130 1852 1148 1858 1165 1863 1167 1863 1169 1863 1170 1863 1172 1863 1181 1856 1192 1850 1240 1854 1321 1861 1323 1861 1324 1861 1348 1850 1354 1849 1372 1850 1458 1860 1460 1860 1462 1860 1500 1845 1500 1823 1495 1792 1137 1803 1136 1801 1125 1792 1125 1790 1123 1790 1121 1790 1035 1790 1033 1790 1031 1790 1029 1790 1015 1799 1017 1829"/></Shape>
	    <String CONTENT="££"
                    HPOS="1015.0"
                    VPOS="1790.0"
                    WIDTH="485.0"
                    HEIGHT="73.0"></String>
          </TextLine>

          
          
          <TextLine ID="eSc_line_7883b536"
                    
                    BASELINE="236 1926 606 1922" 
                    HPOS="234.0"
                    VPOS="1874.0"
                    WIDTH="372.0"
                    HEIGHT="81.0">
            <Shape><Polygon POINTS="236 1926 236 1949 371 1955 382 1955 401 1955 419 1955 425 1955 447 1946 454 1944 604 1944 606 1922 601 1874 505 1885 496 1880 492 1876 491 1876 489 1876 487 1876 485 1876 476 1882 452 1893 399 1885 370 1882 368 1882 366 1882 364 1882 364 1883 359 1887 351 1896 234 1896 236 1926"/></Shape>
	    <String CONTENT="13 Octobre.- P.S.-"
                    HPOS="234.0"
                    VPOS="1874.0"
                    WIDTH="372.0"
                    HEIGHT="81.0"></String>
          </TextLine>

          
          
          <TextLine ID="eSc_line_3c151b57"
                    
                    BASELINE="350 1957 1537 1957" 
                    HPOS="350.0"
                    VPOS="1926.0"
                    WIDTH="1187.0"
                    HEIGHT="60.0">
            <Shape><Polygon POINTS="350 1957 350 1986 1537 1979 1537 1957 1537 1929 350 1926 350 1957"/></Shape>
	    <String CONTENT="le 7 Octobre, j&#39;ai commencé par prendre part, au Sénat, à la"
                    HPOS="350.0"
                    VPOS="1926.0"
                    WIDTH="1187.0"
                    HEIGHT="60.0"></String>
          </TextLine>

          
          
          <TextLine ID="eSc_line_fd1f903f"
                    
                    BASELINE="683 1922 1614 1916" 
                    HPOS="681.0"
                    VPOS="1880.0"
                    WIDTH="933.0"
                    HEIGHT="60.0">
            <Shape><Polygon POINTS="683 1922 683 1940 1614 1935 1614 1916 1608 1880 1524 1894 1478 1894 1464 1882 1464 1880 1462 1880 1460 1880 1458 1880 1442 1880 1301 1894 1240 1883 1238 1883 1148 1894 1128 1883 1123 1882 1121 1882 1119 1882 1090 1883 974 1896 936 1885 927 1883 925 1883 923 1883 921 1883 914 1885 881 1896 824 1887 800 1883 798 1883 797 1883 786 1887 765 1894 681 1889 683 1922"/></Shape>
	    <String CONTENT="J&#39;ajoute en post-scriptum ceci: rentré à Paris"
                    HPOS="681.0"
                    VPOS="1880.0"
                    WIDTH="933.0"
                    HEIGHT="60.0"></String>
          </TextLine>

          
        </TextBlock>
        
      </PrintSpace>
    </Page>
  </Layout>
</alto>
