1737 2197
894.0 108.0 121.0 53.0 - 5 -

316.0 239.0 1305.0 70.0 confiance que vous m’avez témoignée, depuis bientôt vingt années,

316.0 309.0 1292.0 69.0 et vos actives sympathies pour mon long effort. Combien je suis

315.0 382.0 1029.0 66.0 plus fier de cet effort qu’humilié de mon échec!...

714.0 439.0 874.0 73.0 Et maintenant, en campagne de nouveau pour

313.0 514.0 1216.0 60.0 les élections sénatoriales du 11 Janvier. Là c’est un autre

315.0 582.0 1251.0 53.0 collège électoral€è€ beaucoup de républicains attaqués comme moi

313.0 651.0 1293.0 57.0 sans merci, me soutiendront. Ils me connaissent. Mais ce n'est

311.0 714.0 1215.0 65.0 pas à la pleine lumière d'un combat loyal qu'on n’attaquera ;

313.0 776.0 1253.0 69.0 c'est par des manoeuvres lancées pour faire perdre la tête, ne

311.0 851.0 1275.0 66.0 fut-ce qu'un instant, au corps électoral. Et ces manoeuvres me

311.0 913.0 1217.0 64.0 répugnent au point que je ne puis ni les prévoir ni même m'y

311.0 975.0 795.0 77.0 intéresser. C'est ma grande faiblesse.

927.0 1083.0 590.0 72.0 Votre affectueusement dévoué,

892.0 1177.0 579.0 106.0 ££ ££ ££

207.0 1440.0 945.0 81.0 à Monsieur le Président Nicholas Murray BUTLER,

622.0 1508.0 198.0 68.0 NEW-YORK.
