1740 2197
862.0 119.0 119.0 65.0 - 5 -

371.0 247.0 1271.0 75.0 rendront hommage à nos armées qui ont tenu pendant quatre années

369.0 320.0 1200.0 64.0 et demie, de Verdun à Reims et à Dunkerque, et à nos popula-

371.0 388.0 1237.0 62.0 tions qui les ont aidées à tenir ; - de même que nous rendrons

368.0 455.0 1256.0 64.0 justice à nos alliés, à commencer par les Belges, sans lesquels

368.0 525.0 1201.0 59.0 nous étions perdus ; mais je crains que les Anglo-Américains

369 585 1235 57 qui €avaient€ si vaillamment soutenu la France dans la guerre et

492 565 70 41 ££

373.0 651.0 1198.0 63.0 qui venaient si volontiers à elle, avant cette guerre, ne la

368.0 719.0 646.0 59.0 méconnaissent après la victoire.

701.0 789.0 879.0 49.0 Après tout, il en doit être ainsi peut-être,

368.0 845.0 1219.0 63.0 pour que chaque peuple conserve, apès la guerre, son indivi-

369.0 922.0 1180.0 52.0 dualité ; mais n'est-il pas triste qu'on ne puisse au moins

369.0 986.0 1217.0 52.0 sauver de la guerre cette belle confraternité des armes et du

369.0 1052.0 1215.0 53.0 sacrifice d'où est né le triomphe du Droit sur la violence, de

364.0 1116.0 670.0 64.0 la civilisation sur la barbarie ?

697.0 1182.0 806.0 53.0 A distance, dans quelques années, si nos

364.0 1246.0 1218.0 53.0 difficultés intérieures n’aigrissent pas nos relations inter-

366.0 1316.0 1218.0 58.0 alliées, peut-être comprendra-t-on, de loin, qu’à travers ses

364.0 1374.0 1161.0 61.0 apparentes contradictions, le charme de la France comme sa

362.0 1450.0 1220.0 54.0 grandeur est d'être vraie, et de représenter fidèlement, avec

366.0 1510.0 1198.0 57.0 ses faiblesses et ses vertus, l’humanité. Je crains que les

362.0 1580.0 1138.0 56.0 Anglo-saxons ne rentrent chez eux avec le germe qu’ils ne

362.0 1649.0 1138.0 55.0 portaient que trop en eux et que leurs grands services et

364.0 1706.0 1114.0 55.0 leur contribution à la victoire auront encore développé :

362.0 1777.0 214.0 64.0 l'orgueil.

692.0 1832.0 848.0 75.0 L'orgueil est un moteur puissant; il nous
