1751 2197
697.0 122.0 121.0 44.0 - 4 -

296.0 183.0 1321.0 62.0 beaucoup si la commission devait élargir son terrain et se rendre

298.0 256.0 1220.0 53.0 en Russie, en Autriche, en Serbie, en Turquie, au Japon ? Et

300.0 314.0 1295.0 63.0 surtout aupr ès du Gouvernement allemand qu’elle risquera fort de

296.0 382.0 878.0 64.0 prendre en flagrant délit de mensonge.......

516.0 450.0 1000.0 64.0 Ici je résume toutes les objections que j'ai déjà

296.0 518.0 1321.0 58.0 faites si souvent. Une enquête partielle est relativement facile

294.0 591.0 1323.0 64.0 mais insuffisante. Une enquête générale et compl ète pendant que

296.0 657.0 1299.0 62.0 la guerre dure encore, n'est concevable qu’avec l'assentiment et

294.0 723.0 1337.0 58.0 sur la demande expresse de tous les Gouvernements intéressés, com-

294.0 781.0 1337.0 72.0 ment attendre cet assentiment des Gouvernements allemand et autri-

298.0 853.0 1317.0 69.0 chien, puisqu’il sont les agresseurs ? Autant les prier de signer

293.0 913.0 1316.0 66.0 eux-mêmes, par avance, leur propre condamnation. A supposer pour-

296.0 981.0 1334.0 68.0 tant, par impossible, que vous obteniez un assentiment général, la

294.0 1056.0 1317.0 57.0 commission devra préciser les faits, c’est-à-dire les accusations

291.0 1114.0 1337.0 72.0 monstrueuses et vraies qui résultent déjà de la seule vue des jou-

291.0 1190.0 1337.0 65.0 naux illustrés ; elle ne pourra contenter les uns qu’à la condition

289.0 1255.0 1326.0 72.0 de mécontenter les autres ; elle brouillera les Etats-Unis avec la

289.0 1323.0 1361.0 64.0 la France si elle se refuse à les brouiller à fond avec l’Allemagne

289.0 1385.0 1302.0 61.0 et inversement. En réalité, sa tache sera impossible. Déjà nous

289.0 1448.0 1333.0 64.0 n’avons pas pu éviter€é€ les ressentiments d’une partie des belligé-

287.0 1519.0 1258.0 57.0 rants dans la guerre des Balkans, mais il s’agissait seulement

287.0 1583.0 1388.0 70.0 alors des Balkans.... La colère des plus grands Etats Européens c’est

289.0 1653.0 1331.0 67.0 tout autre chose... Et si la commission ne se réunit que pour ob-

287.0 1717.0 1279.0 64.0 server des ménagements diplomatiques, elle fera mieux de rester

285.0 1785.0 993.0 56.0 aux Etats-Unis. Elle désappointera tout le monde.

505.0 1850.0 1095.0 70.0 C'es objections sont, à mon avis, décisives quant à la

283.0 1911.0 1288.0 80.0 réunion d'une commission d’enquête générale. Reste à savoir si,
