1755 2197
734.0 100.0 942.0 77.0 Clermont-Créans. (Sarthe) le 11 septembre 1914

752.0 281.0 99.0 72.0 N° 4

589.0 408.0 347.0 75.0 Mon cher Butler,

472.0 540.0 1112.0 67.0 Les Allemands semblent avoir compris que les atrocités

377.0 607.0 1302.0 74.0 qui ont aggravé honteusement leur sanglante violation de la neu-

379.0 675.0 1262.0 75.0 tralité belge n'ont servi qu’à soulever l’indignation générale

377.0 748.0 1266.0 64.0 et, du même coùp à exaspérer les populations et les armées ad-

379.0 812.0 1264.0 70.0 verses ; on m’assure que, contrairement aux récits des journaux

381.0 889.0 1298.0 66.0 sensationnels, naturellement aussi empressés aujourd'hui à enve-

379.0 955.0 1207.0 66.0 nimer la guerre qu’auparavant à la faire nâitre, les armées

379.0 1010.0 1306.0 75.0 allemandes opérant en France répudient les ignobles excès du dé-

381.0 1082.0 1207.0 64.0 but et respectent la vie et la propriété privées. Ce grand

382.0 1149.0 1283.0 63.0 changement, si tardif soit-il, atténuera l’horreur de la guerre

381.0 1213.0 1207.0 68.0 mais la France n'en ira pas moins, comme je vous l'ai écrit

384.0 1277.0 1240.0 77.0 jusqu’à la dernière limite des sacrifices. Elle usera l’armée

381.0 1347.0 1227.0 71.0 allemande et la détruira jour par jour en des combats qui se

382.0 1422.0 1264.0 59.0 livrent partout, chacun s’y passionne et se prépare à la pour-

384.0 1481.0 1242.0 77.0 suivre encore pendant des mois, jusqu’à ce que le militarisme

382.0 1558.0 860.0 69.0 prussien soit abattu une fois pour toutes.

483.0 1623.0 1165.0 65.0 Les Belges que nous avons à Clermont-Créans, loin de nous

384.0 1686.0 1206.0 62.0 être à charge comme je le craignais, se rendent utiles ; ils

388.0 1752.0 1279.0 66.0 sont les très bienvenus à €rendre€ mesure qu’ils se font connaî-

388.0 1818.0 1260.0 73.0 tre et apprécier comme de braves gens, on les emploie dans les

384.0 1885.0 1226.0 73.0 maisons, dans les fermes, dans les champs ; on en demanderait

207.0 1980.0 941.0 70.0 à Monsieur le Président Nicholas Murray BUTLER

553.0 2035.0 177.0 59.0 NEW-YORK
