1721 2197
814.0 137.0 310.0 88.0 LETTRE N° 604.

269.0 276.0 135.0 75.0 SENAT

1001.0 357.0 516.0 84.0 LE MANS, 8 Janvier 1920.

1113.0 419.0 256.0 68.0 37 rue Ducré.

527.0 615.0 833.0 73.0 - FAIS CE QUE DOIS; ADVIENNE QUE POURRA.-

622.0 536.0 654.0 73.0 L'ASSAUT GÉNÉRAL.

897.0 779.0 336.0 57.0 Mon cher Butler,

289.0 1001.0 1283.0 60.0 tance circulaire et les contre-attaques de j’oppose sur tous les

624.0 933.0 948.0 64.0 Un instant seulement je m'arrête dans la résis-

289.0 1069.0 1263.0 77.0 points à mes adversaires de toutes les paroisses coalisées. Ils

289.0 1129.0 1107.0 61.0 sonnent déjà le hallali et ma mort politique. Trop tôt

289.0 1190.0 1245.0 91.0 peut-être.. C'est un spectacle édifiant, en ce moment où la

287.0 1270.0 1159.0 53.0 France n'a pas assez de bons citoyens pour la bien servir.

285.0 1393.0 1146.0 68.0 temps, les journées trop courtes, les routes défoncées et

616.0 1331.0 932.0 67.0 Mais, heureusement, malgré l'hiver, le mauvais

285.0 1461.0 1225.0 69.0 empierrées, je n'ai pas faibli ; au contraire. Quel que soit

283.0 1526.0 1221.0 81.0 le résultat, Dimanche, je n’aurai pas de reproche à me faire.

285.0 1598.0 1036.0 68.0 Je me suis porté sur tous les points du Département.

281.0 1728.0 1291.0 71.0 avec mon drapeau hautement déployé pour la liberté, pour la paix,

618.0 1655.0 973.0 73.0 J’aurai lutté, lutté, lutté de toutes mes forces,

108.0 1915.0 900.0 67.0 à Monsieur le Président Nicholas Murray BUTLER.
