1741 2197
872.0 98.0 134.0 75.0 - 3 -

406.0 247.0 1160.0 55.0 optimisme indomptable veut constater aujourd'hui, une fois

408.0 307.0 1197.0 60.0 de plus, c’est que toute la bêtise et la méchanceté humaines

406.0 375.0 1223.0 68.0 n'ont pu empêcher le soleil de Mars de se lever comme si rien

406.0 439.0 1124.0 58.0 ne s'était passé. La guerre est notre œuvre ; elle n'a

408.0 512.0 1199.0 55.0 existé que pour notre planète ; elle est notre erreur, notre

408.0 571.0 1160.0 60.0 châtiment ; elle ne change rien au cours des choses ; elle

408.0 648.0 1217.0 51.0 n’arrête pas d'un millième de seconde le mouvement universel;

412.0 706.0 1217.0 66.0 elle à fait tout le mal possible, mais, tout de même et malgré

412.0 770.0 1096.0 61.0 tout, la vie continue autour de nous, au-dessus de nous.

700.0 834.0 909.0 57.0 Même à Paris, l'activité de tout ce monde qui

410.0 913.0 1178.0 44.0 constitue la Conférence de la Paix, réagit sur ceux d'entre

406.0 964.0 1223.0 63.0 nous qui ne font pas partie de la conférence. Je suis obligé

406.0 1041.0 1182.0 48.0 de déjeuner, de dîner en ville, de siéger dans maintes com-

406.0 1105.0 1201.0 59.0 missions, de parler, d'agir, et même, hélas ; de recevoir, ce

412.0 1158.0 1132.0 74.0 qui est le plus insoluble des problèmes, pourtant résolu.

703.0 1237.0 895.0 64.0 Si vous étiez tombé du ciel hier rue Molitor,

410.0 1296.0 1160.0 55.0 vous auriez cru, comme moi, rêver. J'ai voulu, comme vous

410.0 1362.0 1158.0 60.0 savez, atténuer, dans la mesure/possible, les froissements

414.0 1435.0 1147.0 53.0 interalliés de l’après-guerre et reprendre nos traditions,

410.0 1492.0 1182.0 67.0 plus nécessaires que jamais de conciliation. Et ces tradi-

412.0 1567.0 1176.0 49.0 tions répondent si bien à un besoin, qu'il ne me suffit pas

414.0 1625.0 1202.0 64.0 d'avoir, heureusement, à ma disposition, la rue Pierre-Curie,

412.0 1684.0 1244.0 66.0 le Cercle Interallié et, dans une mesure, le Bd. Saint-Germain

412.0 1759.0 1217.0 57.0 le Sénat et la chambre des Députés restés très-fidèles ; il me

412.0 1829.0 1178.0 49.0 faut tout de même inviter nos amis, tant bien que mal, mais

412.0 1885.0 1180.0 72.0 les inviter chez moi, en famille. Quelques réceptions dans
