1733 2197
771.0 95.0 108.0 58.0 - 2 -

368.0 190.0 1297.0 64.0 Mes modestes fonctions de maire de Clérmont-Créans qui absorbent

370.0 258.0 1278.0 60.0 en ce moment la plus grande part de mon activité, me permettent

370.0 325.0 1289.0 57.0 de bien juger la situation, chaque maire étant chargé d’assurer

370.0 391.0 1253.0 63.0 à jour fixe, en plus des subsistances locales et des réserves,

371.0 457.0 1277.0 66.0 l'envoi régulier aux armées des bestiaux, des grains, des foins

370.0 523.0 1260.0 59.0 nécessaires ; c’est un travail énorme dont je ne me faisais pas

371.0 591.0 1197.0 62.0 une idée, mais que chacun poursuit avec joie. Après la ré-

375.0 657.0 1143.0 64.0 colte, les labours, les vendanges, les semailles se font,

371.0 730.0 1182.0 60.0 partout où les prussiens n’ont pas pénétré, comme en temps

371.0 789.0 1184.0 67.0 normal. Nous hospitalisons dans chaque commune voisine du

377.0 858.0 1214.0 64.0 chemin de fer ou du tramway les soldats blessés, chacun dans

375.0 924.0 1194.0 59.0 une famille, aimé, soigné, comme un enfant ; de même les ré-

377.0 990.0 1277.0 68.0 fugiés belges, dépouillés de tout, dispersés par milliers comme

375.0 1058.0 1229.0 71.0 des Bulgares par les Turcs, chassés de leurs foyers détruits,

377.0 1131.0 1238.0 59.0 les mères sans nouvelles de leurs enfants, de leurs maris, de

379.0 1201.0 1216.0 56.0 leurs fr ères, tous pleins d’énergie quand même et presque de

377.0 1255.0 1192.0 76.0 gaité, à la pensée de voir repousser les soldats prussiens.

379.0 1327.0 1130.0 62.0 En même temps les convois anglais sillonnent nos routes,

379.0 1393.0 1198.0 62.0 s’arrêtent à Clermont-Créans! O miracle ; je vois parmi mes

381.0 1464.0 1137.0 57.0 compatriotes, les pires chauvins, ceux qui me souhaitent

379.0 1530.0 1178.0 55.0 ouvertement le sort de Jaurès, ceux qui me combattaient en

379.0 1594.0 1136.0 64.0 1902 aux cris de "Fachoda" ou "Chicago", se presser à la

379.0 1664.0 1211.0 55.0 rencontre des soldats anglais, pour les aider, les acclamer,

379.0 1733.0 1216.0 52.0 et les fleurir, dans ce pays tout plein encore des souvenirs

381.0 1803.0 1117.0 47.0 et des ruines de la guerre de cent ans!! C'est que les

384.0 1856.0 1231.0 60.0 troupes anglaises défendent, elles aussi, le territoire de la

381.0 1933.0 1214.0 57.0 liberté, le leur comme le nôtre, comme le vôtre ; c’est là ce
