1770 2197
897.0 140.0 121.0 79.0 - 25 -

337.0 285.0 1288.0 75.0 je fais mon entrée à St-Calais où m’attend un foyer ami et où je

335.0 364.0 1310.0 55.0 passe la nuit. De St-Calais, me voilà le lendemain, par un temps

335.0 432.0 1299.0 58.0 splendide. à Bessé-s/Braye, puis à Ruillé, suivant, à ma gauche,

337.0 492.0 1346.0 64.0 la rivière le Loir, et de l'autre les côteaux boisés ou plantés des

340.0 558.0 1206.0 69.0 vignes cont je vous parlais tout à l'heure. Cette partie du

338.0 633.0 1285.0 51.0 pays est favorisée entre toutes et c’est d'elle qu'on parle dans

338.0 697.0 1283.0 64.0 les guides quand on vante les charmes des bords du Loir. A vrai

335.0 767.0 1251.0 55.0 dire, le Loir est incomparable depuis Vendôme jusqu'à Créans et

337.0 831.0 1310.0 62.0 jusqu’à Angers et jusqu’à la Maine. De Ruillé s/Loir, puis de La

337.0 887.0 1266.0 68.0 Chartre/s/Loir, j’arrive déjeuner à Chataine, déjà nommée., où

335.0 963.0 1229.0 58.0 je trouve la confirmation de ce que j'ai toujours pensé. Les

337.0 1023.0 1247.0 66.0 sceptiques disent ; "il n'y a pas d’homme indispensable", comme

337.0 1091.0 1247.0 60.0 on dit aussi : "rien ne sert à rien", ou "aucun but n’est digne

335.0 1158.0 1264.0 64.0 d'aucun effort". Ce sont des mots. Un homme de bien, un homme

333.0 1226.0 1251.0 59.0 actif peut faire la fortune, la joie d'un pays. Et tel est le

335.0 1288.0 1288.0 59.0 cas du maire de Chataigne, vieil instituteur retraité -connais-

335.0 1356.0 1347.0 57.0 seur en vins, lui aussi, et en bonne chère - qui fut de tout temps

335.0 1422.0 1268.0 68.0 mon ami et dont on trouve partout, autour de lui, les traces de

335.0 1486.0 1266.0 70.0 sa/bienfaisante initiative, et de son éducation prodiguée à plus

333.0 1556.0 1321.0 64.0 de quarante générations. Des hommes comme celui-là ont contribué

337.0 1633.0 1249.0 53.0 dans leur sphère, à ma formation autant que d’autres plus con-

338.0 1688.0 1245.0 67.0 sidérables, dans de grands pays étrangers, en Angleterre et en

335.0 1752.0 1330.0 71.0 Amérique ; je leur dois de la reconnaissance ; mon voyage chez eux

333.0 1818.0 1044.0 67.0 est un pélérinage de gratitude autant qu’une visite.

652.0 1889.0 969.0 73.0 Mais il faut finir, le jour baisse ; on m’attend
