1759 2197
914.0 157.0 121.0 48.0 - 24 -

329.0 280.0 1321.0 66.0 la guerre, vos officiers ont eu l'intelligente initiative de faire

331.0 360.0 1242.0 57.0 visiter nos fermes, dans cette région, par leurs hommes et ces

331.0 413.0 1301.0 64.0 visites ont eu, me dit-on, les meilleurs effets. De La Ferté, je

331.0 485.0 1279.0 53.0 suis allé à Montmirail, le bien nommé. De là encore, des ruines

329.0 545.0 1263.0 62.0 d'un de ces vieux châteaux qui furent si nombreux et finalement

327.0 622.0 1285.0 53.0 si détestés, comme des nids d'aigles, on domine des vallées, des

329.0 682.0 1301.0 61.0 jardins, des bois ; et, comme les seigneurs d'autrefois, la popu-

329.0 745.0 1281.0 56.0 lation s'est fait là une vie d'isolement relatif, assez loin des

327.0 811.0 1265.0 60.0 grands centres pour rester elle-même. La fidélité du canton de

327.0 873.0 1303.0 64.0 Montmirail à nos idées est inébranlable, encore que ses meilleurs

326.0 944.0 1284.0 57.0 représentants, mes amis le Député Laroche et le Sénateur le Che-

322.0 1003.0 1325.0 66.0 valier, aient malheureusement disparu. De Montmirail, je suis re-

326.0 1082.0 1293.0 64.0 descendu dans le pays ; je me croyais en aéroplane, en vol plané,

326.0 1153.0 1262.0 48.0 glissant en silence vers l'horizon infini des douces plaines et

327.0 1212.0 1320.0 62.0 des collines boisées ; c’était une succession de plans très XXXX

329.0 1268.0 1250.0 72.0 verts d'abord, puis d'un ton plus doux, plus fin, plus éloigné,

326.0 1336.0 1262.0 70.0 jusqu’au bleu ; et mon auto descendait si vite qu’elle semblait

326.0 1404.0 432.0 64.0 plonger dans ce bleu.

681.0 1466.0 968.0 71.0 A Montmirail, j'avais trouvé des amis, des popu-

326.0 1541.0 1284.0 53.0 lations tout à fait pénétrées des mêmes sentiments qu’à Mamers. a

326.0 1600.0 1291.0 66.0 Vibraye où j'arrive ensuite, c’est l’arrondissement de St-Calais,

326.0 1675.0 1299.0 58.0 séparé de son voisin par une grande forêt que je traverse. C'est

324.0 1737.0 1301.0 66.0 un autre esprit, d'autres gens, plus raisonneurs peut-être, comme

324.0 1797.0 1304.0 64.0 leurs voisins tourangeaux ; la nuit m'est pas encore tombée quand
