1766 2197
848.0 142.0 135.0 66.0 - 5 -

333.0 296.0 1288.0 66.0 ma provision d’essence et je retombe, à Beaumont, sur le paysage

331.0 378.0 1204.0 55.0 classique de la région, moulins, vieux châteaux, eaux vives,

331.0 432.0 1270.0 71.0 prés verts, coupés de peupliers et de taillis. Mais auparavant

333.0 499.0 1359.0 70.0 j’ai revu, trop vite à mon gré et de trop loin, cette mystérieuse et

338.0 563.0 1263.0 63.0 étonnante forêt de Sillé-le-Guillaume et ces Alpes Mancelles où

337.0 637.0 1286.0 62.0 la rivière, à l'allure d'un jeune torrent, se joue au milieu des

333.0 697.0 1242.0 70.0 rochers, des herbages et des grands bois. Je ne comprends pas,

337.0 772.0 1227.0 50.0 combien de fois l’aurais-je dit ? que les voyageurs, que les

335.0 834.0 1324.0 53.0 Français mêmes ne viennent pas là faire des retraites, cacher leur

331.0 904.0 1270.0 59.0 bonheur ou leur tristesse pendant l'été. De Beaumont, j’arrive

337.0 964.0 1185.0 64.0 coucher à Fresnay, à la lisière des Alpes Mancelles, nid de

331.0 1027.0 1211.0 60.0 granit, où l’eau se discipline et s’approfondit, bordant les

333.0 1102.0 1301.0 56.0 rochers. Là je suis attendu. Touchante méprise. Je descendais,

335.0 1166.0 1289.0 55.0 à l'ordinaire, chez des amis influente dans le pays, une famile

335.0 1226.0 1335.0 72.0 de gros négociants en épicerie. Le père est mort depuis la guerre,

337.0 1290.0 1265.0 70.0 -mort de chagrin, suivant le proverbe Sarthois ; "le chagrin tue

337.0 1362.0 1258.0 62.0 l'homme et nourrit la femme ; il est mort ainsi que son frère,

337.0 1431.0 1225.0 61.0 Conseiller Général, dont je verrai la veuve le surlendemain à

338.0 1493.0 1283.0 61.0 Vibraye, à la tête d'un commerce semblable. Mais j’ignorais que

337.0 1558.0 1320.0 65.0 son fils aussi avait été tué, dès le commencement de la guerre ; et

335.0 1623.0 1288.0 68.0 que tant de deuils avaient décidé la mère à quitter Fresnay avec

337.0 1693.0 1245.0 66.0 sa plus jeune fille, une enfant très gaie. L’enfant très gaie

333.0 1766.0 1269.0 59.0 n’avait pas voulu d'une vie qui s’annonçait pour tous les siens

335.0 1830.0 1304.0 53.0 si douloureuse et, bien que son père fut connu dans le pays comme

333.0 1891.0 1315.0 66.0 libre-penseur, anti-clérical, ainsi que tant d’autres braves gens,

335.0 1955.0 1267.0 66.0 révoltés par l'intolérance religieuse, elle avait pris le voile

333.0 2026.0 1242.0 62.0 et choisi l'un des ordres les plus rigoureux pour disparaître,

331.0 2088.0 244.0 72.0 elle aussi.
