1744 2197
690.0 100.0 123.0 53.0 - 2 -

573.0 161.0 921.0 60.0 Nous voyons que la même attitude sobre domine

373.0 228.0 1182.0 70.0 l’action de la France. Aucune forfanterie n’est à signaler

370.0 296.0 1220.0 59.0 dans aucun des pays coalisés pour détruire la domination mi-

373.0 366.0 1074.0 55.0 litaire prussienne, mais une résolution inébranlable.

577.0 437.0 954.0 60.0 Evidemment il n'y a rien à faire pour nos grou-

371.0 501.0 1242.0 70.0 pes ou pour notre action. Pour le moment, il y a la guerre et

377.0 573.0 1218.0 65.0 rien que la guerre, et nous allons tous prier pour le succès

371.0 631.0 1217.0 72.0 de nos armes et faire chacun son possible pour y contribuer.

386.0 708.0 17.0 55.0 M

567.0 704.0 946.0 61.0 Mais si, comme nous l'espérons tous, le succ ès

375.0 770.0 1277.0 63.0 couronne nos armes, et si nous avons à imposer à la menace alle

371.0 834.0 1281.0 61.0 mande nos conditions, je pense que nous aurons alors notre rôle

373.0 898.0 1292.0 68.0 Notre attitude doit être, selon moi, de chercher les bases d’une

366.0 972.0 1242.0 62.0 paix durable et non précaire ou temporaire. Personne ne cher-

373.0 1028.0 1180.0 63.0 che l’humiliation du peuple allemand. Ce que nous voulons

375.0 1096.0 1196.0 70.0 c’est la destruction du système prussien, qui garde tout le

375.0 1164.0 1196.0 60.0 monde sous les armes et constitue une menace constante pour

373.0 1237.0 1235.0 55.0 la civilisation. J'espère que dans tout réarrangement de ter-

371.0 1301.0 1180.0 64.0 ritoire on prendra comme point de départ le principe de la

370.0 1376.0 1161.0 61.0 nationalité et q'on mettra en avant comme principe que le

371.0 1440.0 1219.0 53.0 peuple du territoire en suspens soit appelé, comme la France

370.0 1497.0 1141.0 72.0 a fait pour Nice et la Savoie, à décider de son sort par

371.0 1565.0 1100.0 62.0 un plébiscite. Mais tout cela est pour l’avenir. Pour

371.0 1633.0 1200.0 66.0 l’instant, je n'ai qu’à vous souhaiter la force et la santé

370.0 1700.0 1216.0 68.0 de passer par cette période de terribles angoisses. J’espère

371.0 1768.0 1178.0 64.0 que Madame d'Estournelles et votre famille se portent bien

371.0 1843.0 1158.0 59.0 et que vous/êtes pas trop éprouvé par des départs de nom-

582.0 1807.0 20.0 51.0 n'

373.0 1902.0 889.0 64.0 breux membres de votre famille pour l’armée.

575.0 1962.0 1000.0 72.0 Tous mes meilleurs voeux et sentiments affectueux,

888.0 2034.0 185.0 65.0 WEARDALE
