1740 2197
928.0 115.0 125.0 47.0 - 2 -

371.0 234.0 1162.0 71.0 qu'on fait le silence sur la vérité. Et ces reproductions

369.0 300.0 861.0 69.0 suscitent naturellement de vives répliques.

664.0 375.0 907.0 60.0 Le résultat de ces campagnes se fait sentir à

369.0 422.0 1239.0 75.0 la Conférence où il se trouve, vous le savez, des journalistes

373.0 497.0 1214.0 72.0 qui représentent à la fois le Gouvernement et la presse fran-

368.0 556.0 1181.0 71.0 çaise de discorde ; des divergences se produiront entre les

368.0 637.0 1139.0 58.0 délégués, pour le seul profit des Allemands ; et on égare

366.0 708.0 493.0 57.0 mon pays comme le vôtre.

664.0 768.0 869.0 57.0 J'ai été frappé de l’inquiétude qui régnait

364.0 840.0 1126.0 51.0 à ce suiet dans ce milieu d'Américains si Français. A la

369.0 895.0 1195.0 62.0 longue, on commence à comprendre le mal que je n'ai cessé de

368.0 961.0 1234.0 67.0 signaler, mais en vain, et que nous font les journaux mondains

369.0 1025.0 1197.0 68.0 soi-disant patriotiques et bien pensants. On se figure, aux

368.0 1094.0 1159.0 64.0 Etats-Unis, qu'ils sont contre le Président Wilson ; c'est

366.0 1155.0 1159.0 73.0 évident, mais c’est en passant seulement ; ils sont contre

364.0 1221.0 1115.0 71.0 les Américains, contre les Anglais, contre les Italiens,

362.0 1292.0 1200.0 71.0 contre tous nes Alliés, contre le monde entier, enfin, comme

360.0 1362.0 1108.0 67.0 avant la guerre et pour recommencer la guerre. On s'en

344.0 1418.0 623.0 77.0 aperçoit aujourd'hui seulement.

1007.0 1526.0 573.0 66.0 Votre affectueusement dévoué,

987.0 1603.0 518.0 86.0 ££

164.0 1746.0 934.0 79.0 à Monsieur le Président Nicholas Murray BUTLER,

556.0 1825.0 211.0 71.0 NEW-YORK.
