1750 2197
809.0 113.0 120.0 64.0 - 8 -

390.0 216.0 1251.0 62.0 Il en a fait assez depuis deux mois et demi pour que l'épreuve

388.0 292.0 1274.0 50.0 soit décisive ; le dégoût qu’il inspire grandit en proportion du

386.0 349.0 1239.0 64.0 mal qu’il cause ; il est devenu pire que la mort, oui, la mort

388.0 419.0 1257.0 60.0 que chacun de nous craignait hier apparait maintenant comme un

392.0 479.0 1282.0 66.0 devoir, la ressource suprême pour faire échec à l'ignoble domina

386.0 554.0 1301.0 55.0 tion du monstre. Nos biens les plus précieux, notre vie même €n'o€

386.0 616.0 1299.0 65.0 n'ont plus de valeur pour nous sous la menace allemande ; le plus

390.0 684.0 1233.0 68.0 timide des Français laissera brûler son foyer et se fera tuer

388.0 746.0 705.0 65.0 plutôt que de céder à cette menace.

485.0 811.0 1125.0 75.0 Je n'exagère rien. Vous m’objecterez qu’il m’est facile,

384.0 893.0 1294.0 59.0 dans notre doux pays du Maine, encore épargné par l’invasion, de

384.0 950.0 1257.0 64.0 parler de la résistance à tout prix ; mais non, ma province est

386.0 1025.0 1233.0 62.0 infiniment moins éprouvée sans doute que celles du Nord et de

384.0 1083.0 1239.0 68.0 l'Est de la France et surtout que celles de la Belgique, mais

384.0 1146.0 1155.0 66.0 ses souffrances sont déjà assez profondes quand même pour

388.0 1221.0 1250.0 56.0 pouvoir l’abattre, si elle devait être abattue. La mort domine

388.0 1281.0 1286.0 64.0 ici, à la Fl èche comme ailleurs ; il n’y a peut-être pas une seu-

384.0 1351.0 1217.0 60.0 le de nos familles qui ne compte un de ses enfants ou de ses

384.0 1413.0 1254.0 68.0 proches parmi les morts et les blessés. Il y a des deuils pour

386.0 1477.0 1272.0 64.0 toute la France. Le chiffre total des tués, blessés ou disparus

382.0 1543.0 1291.0 62.0 n'a pas été publié, il dépasse certainement un demi-million, si-

384.0 1612.0 1254.0 61.0 non plus ; on se console en se disant qu’il est plus élevé dans

382.0 1673.0 1289.0 75.0 l’armée allemande, puisqu’elle combat sur deux fronts. La Flèche

382.0 1742.0 1214.0 68.0 a déjà reçu largement sa part de convois de blessés. Je vais

382.0 1807.0 1254.0 73.0 régulièrement les attendre avec Paul pour les transporter, par

382.0 1874.0 1265.0 72.0 un va et vient en automobile, de la gare aux hôpitaux. Les der-

381.0 1940.0 1194.0 72.0 niers,-plus de 600,- sont arrivés en pleine nuit, apr ès des

381.0 2008.0 1207.0 75.0 heures et des heures d’attente, à la fin d'un voyage de plu-
