1731 2197
794.0 106.0 98.0 49.0 - 2 -

375.0 190.0 1207.0 82.0 pourtant où ce peuple, apprenant qu’il a été trompé, pourra,

379.0 261.0 1192.0 75.0 comme l'a fait le peuple Français après Sedan, répudier son

379.0 329.0 1212.0 71.0 Gouvernement. En attendant, les armées allemandes s’arrêtent

379.0 393.0 1214.0 79.0 dans leur retraite pour former un bloc nouveau de résistance

379.0 466.0 1232.0 68.0 mais à quoi bon ? Ce bloc s'épuisera comme le reste et finira

381.0 529.0 1247.0 78.0 comme le reste de l’armée allemande, par être obligé de rétro-

382.0 598.0 1196.0 77.0 grader et de retraverser en désordre le pays qu’il a désolé

384.0 662.0 1242.0 81.0 et dont les ruines se dresseront pour l’écraser à son passage.

582.0 734.0 976.0 66.0 En attendant, les armées anglaises continuent de

382.0 800.0 1149.0 65.0 débarquer dans nos ports et d’aller rejoindre, par Rouen,

384.0 865.0 1233.0 76.0 par Nantes, par le Mans, les armées françaises renouvelées et

384.0 931.0 1172.0 72.0 pleines d’entrain. Instruites par leurs chevaleresques im

384.0 995.0 1193.0 74.0 prudences du début, nos troupes ne vont plus s’exposer à la

386.0 1063.0 1291.0 73.0 légère. Incroyable effet de l'éducation générale d’un pays ; tout

388.0 1142.0 1233.0 64.0 le monde comprend aujourd'hui en France que ce mot victoire a

388.0 1206.0 1271.0 62.0 changé de sens, et que, dans ces combats qui se poursuivent en-

391.0 1266.0 1279.0 70.0 tre des millions d’hommes sur des centaines de kilomètres de

391.0 1329.0 1213.0 75.0 front pendant des jours et des semaines, les actions d!éclat

390.0 1393.0 1229.0 71.0 ne suffisent pas, il faut durer. Tout le monde comprend qu'il

388.0 1470.0 1233.0 69.0 nous est plus facile, à nous, de durer chez nous qu’à l’enva-

390.0 1532.0 1251.0 77.0 hisseur ; plus facile de nous ravitailler avec les trois quarts

391.0 1605.0 1195.0 68.0 du pays fertile derri ère nous qu’aux Allemands dans un pays

391.0 1671.0 1211.0 64.0 déserté privé de communications ; tout le monde comprend, en

390.0 1730.0 1183.0 73.0 un mot, que l’envahisseur est plus embarrassé que l’envahi,

391.0 1801.0 1193.0 70.0 plus fatigué, plus exposé, plus épuisé ; et dès lors tout le

393.0 1863.0 1209.0 72.0 monde prend all ègrement patience. La vraie victoire est tou-

395.0 1929.0 1226.0 75.0 jours pour nous sans doute une question d’héroïsme et d'orga-
