1749 2197
948.0 133.0 116.0 57.0 - 9 -

435.0 261.0 1127.0 66.0 Président, de vous remercier, ainsi que M.M. les membres

434.0 340.0 1221.0 62.0 présents, de l’accueil cordial que vous voulez bien me faire.

434.0 395.0 1164.0 71.0 Mes efforts en Suisse ne méritent cependant pas d'être mis

435.0 465.0 1257.0 73.0 en lumière. Je vais essayer de vous les résumer succinctement,

435.0 532.0 1187.0 61.0 bien que je n’aie pas eu le temps matériel de me préparer à

435.0 604.0 237.0 51.0 cet exposé.

732.0 660.0 888.0 61.0 Il y a deux ans, lors de/l’Assemblée Générale

435.0 728.0 1165.0 68.0 de la CONCILIATION INTERNATIONALE, j'ai déjà eu l'occasion

435.0 801.0 1220.0 53.0 de vous parler de mes tentatives pour amener l'opinion suisse

434.0 860.0 1203.0 70.0 à une compréhension plus juste des événements. Je n'ai fait

435.0 930.0 1224.0 60.0 que les continuer depuis ; j’aurai donc peu de renseignements

434.0 1005.0 901.0 51.0 nouveaux à apporter à ce que je disais alors.

714.0 1067.0 873.0 58.0 Nous étions tous heureux, il y a un instant,

434.0 1129.0 1146.0 59.0 d’apprendre les heureux débuts de l'ASSOCIATION FRANCAISE

435.0 1202.0 1105.0 52.0 POUR LA SOCIETE DES NATIONS, sous les auspices de notre

435.0 1266.0 1156.0 52.0 Bureau Européen de la Dotation Carnegie. En Suisse aussi,

432.0 1332.0 1223.0 64.0 nous travaillons à la création d'une Ligue des Nations ; notre

432.0 1395.0 1203.0 60.0 programme a naturellement beaucoup de ressemblance avec ceux

434.0 1468.0 1199.0 57.0 des associations similaires. Il y a lieu de noter cependant

430.0 1528.0 1165.0 59.0 une particularité très importante. L'entrée de la Suisse

434.0 1600.0 1113.0 53.0 dans la Société des Nations, si elle se produit un jour

432.0 1669.0 1201.0 46.0 nécessitera un recours au plébiscite populaire et un change-

430.0 1724.0 1243.0 55.0 ment dans notre constitution, surtout parce qu’elle entraînera

430.0 1786.0 1190.0 61.0 une/renonciation à notre neutralité. La commission fédérale,

432.0 1858.0 1223.0 64.0 dont je fais partie, considère que le privilège de neutralité
