1740 2197
838.0 170.0 110.0 71.0 - 4 -

534.0 305.0 1048.0 72.0 Toujours par la discipline personnelle à la base, et

397.0 375.0 1242.0 64.0 par le courage de se surveiller soi-même. Tout homme qui s’est

384.0 448.0 1264.0 59.0 abandonné aux risques d’une rencontre galante doit se présenter,

386.0 503.0 1200.0 60.0 dans les trois heures qui suivent la rencontre, au service de

384.0 574.0 1236.0 61.0 prophylaxie ; là, par un traitement préventif infaillible, s’il

384.0 646.0 1192.0 57.0 est appliqué à temps, tout danger de maladie vénérienne est,

382.0 708.0 1224.0 57.0 m’assure-t-on, conjuré. C’est déjà ce que vous obteniez XXXXX

382.0 772.0 1138.0 59.0 dans votre marine. Mais à terre, c'est une autre affaire.

536.0 833.0 1101.0 65.0 Le soldat reconnu malade et qui ne s’est pas présenté à

382.0 900.0 1297.0 70.0 temps au service prophylactique est puni, puis condamné à l'isole-

380.0 972.0 1220.0 62.0 ment le plus sévère jusqu’à guérison complète ou évacué si la

377.0 1028.0 491.0 70.0 guérison est incertaine.

534.0 1102.0 1103.0 67.0 J'ai interrogé un médecin français qui s’efforce, comme

380.0 1164.0 1261.0 66.0 a fait Godart, d’introduire le même progrès dans nos armées, il

379.0 1235.0 1291.0 61.0 m’a répondu ; nous ne pouvons imiter, sur ce point les Américains,

395.0 1296.0 1277.0 67.0 c’est impossible, parce que très rarement un soldat consent à se

375.0 1360.0 1244.0 75.0 présenter chez nous à la visite, laquelle d’ailleurs ennuie le

377.0 1426.0 901.0 67.0 médecin autant et souvent plus que le malade.

529.0 1501.0 1157.0 68.0 Aux Etats-Unis, l'éducation des précautions à prendre con-

391.0 1552.0 1242.0 71.0 tre le mal est sérieuse et générale ; chez nous elle est excep-

377.0 1623.0 1276.0 74.0 tionnelle et individuelle. Aux Etats-Unis, beaucoup d’esprit pu-

373.0 1688.0 526.0 65.0 blic. Chez nous, très peu.

529.0 1755.0 1123.0 74.0 J'avais observé tout cela en Amérique et j'en avais fait

371.0 1821.0 1299.0 70.0 mention dans mon livre ; mon observation se trouve hélas singuliè-

371.0 1893.0 1242.0 75.0 rement confirmée par le comparaison qui s’impose entre votre
