1740 2197
862.0 195.0 97.0 61.0 - 2 -

408.0 324.0 1258.0 76.0 impracticables. - On n’a pas su décider. Alors des rixes, des

393.0 400.0 1257.0 52.0 vols, des coups de révolver et de couteau parfois mortels, sont

408.0 459.0 1242.0 68.0 survenus: pas plus d’ailleurs, peut-être moins, que dans toute

393.0 523.0 1277.0 62.0 autre armée en campagne. J'ai vu un millier d'Américains canton-

391.0 591.0 1222.0 66.0 nés dans la petite commune de Cerans-Foulletourte ; je leur ai

391.0 668.0 1279.0 53.0 parlé; ils étaient heureux d’entendre un Français qui ne fût pas

390.0 730.0 1219.0 60.0 un interprète salarié. Je n’ai pas surpris la moindre plainte

390.0 800.0 1218.0 54.0 de leur part, le moindre signe de mécontentement rien que la

388.0 867.0 1188.0 52.0 surprise d'être si différents des Français. Le Français est

390.0 922.0 1252.0 62.0 évidemment pour eux une énigme ; il ne se lave pas, ne joue pas;

391.0 988.0 1286.0 72.0 il boit mais généralement avec mesure ; il travaille sans se pres-

386.0 1058.0 1278.0 67.0 ser mais toujours avec goût ; il est économe à l’extrême ; nos en-

388.0 1120.0 1276.0 66.0 fants sont moins jeunes d’esprit que vos soldats ; ils ne s’inté-

386.0 1191.0 1178.0 66.0 ressent pas aux sports ; bref rien de plus différent que ces

384.0 1252.0 1257.0 75.0 deux peuples ; et cependant, malgré bien des maladresses et par-

386.0 1318.0 1249.0 75.0 fois un concours d’ignorance des Autorités, de part et d’autre,

382.0 1384.0 1220.0 66.0 j’ai constaté que les Américains à Foulletourte s'entendaient

384.0 1457.0 1200.0 66.0 très bien avec l’'habitant. Le maire est un vieux marchand de

382.0 1517.0 1215.0 73.0 cochons qui connait la vie, court le pays dans tous les sens;

399.0 1589.0 1275.0 69.0 il m’a dit ; je n'ai jamais eu qu’à me louer des Américains, dans

380.0 1647.0 1264.0 77.0 ma commune ; et s’il se commet par ci et par là, quelque peccadille,

393.0 1713.0 1290.0 70.0 ce serait pire si nous avions à loger le même nombre de Français.

393.0 1781.0 1271.0 80.0 C'est lui qui recevant, à son passage, Carton de Wiart, en 1914,
