1749 2197
899.0 113.0 115.0 73.0 - 6 -

424.0 241.0 1222.0 75.0 hélas à quel prix ; Il nous reste maintenant à savoir comment

423.0 324.0 946.0 58.0 nous allons préparer le lendemain de la guerre.

721.0 549.0 793.0 64.0 Nous arrivons donc au problème de notre

424.0 609.0 372.0 72.0 activité nouvelle.

723.0 681.0 927.0 58.0 Des événements importants sont venus, dans les

424.0 746.0 1149.0 65.0 derniers mois de 1918, la solliciter. Ce fut d’abord, en

424.0 811.0 1205.0 75.0 Août, la création de l'ASSOCIATION FRANCAISE DOUR LA SOCIÉTÉ

423.0 887.0 1188.0 59.0 DES NATIONS. Nous recevions d’autre part, dès le lendemain

424.0 955.0 1081.0 51.0 de l'armistice, un cablogramme de la ligue américaine:

424.0 1012.0 1189.0 71.0 "LEAGUE TO ENFORCE PEACE" nous priant de trouver à Paris un

428.0 1085.0 1181.0 53.0 local où s'installeraient les délégations française, améri-

426.0 1153.0 1145.0 51.0 caine et anglaise, venant travailler à l'élaboration d'un

424.0 1219.0 1220.0 53.0 programme commun de la Société des Nations. C'était à notr/e

424.0 1277.0 1167.0 63.0 ami et maître, M. Léon Bourgeois, que revenait de droit la

426.0 1349.0 1222.0 58.0 présidence générale de l'ASSOCIATION FRANCAISE POUR LA SOTIETE

426.0 1411.0 1161.0 64.0 DES NATIONS ; mais il était à la fois heureux et débordé de

424.0 1475.0 1123.0 57.0 la rapidité des événements. Il était impossible de tout

428.0 1547.0 1179.0 51.0 improviser. C'est alors que notre Bureau de la rue Pierre-

424.0 1612.0 1218.0 55.0 Curie a justifié son existence par l’efficacité de son inter-

424.0 1678.0 1165.0 53.0 vention. Il s’est mobilisé tout naturellement, au service

426.0 1746.0 1194.0 59.0 de la nouvelle Association, sans en attendre aucun avantage.

424.0 1808.0 1185.0 63.0 Notre Bureau qui, pendant la guerre, avait vécu grâce à ces

423.0 1872.0 1205.0 72.0 prodiges de désintéressement et de modestie, s'est trouvé en
