1740 2197
824.0 170.0 115.0 51.0 - 5 -

327.0 259.0 1279.0 72.0 qui permettra de condamner le militarisme allemand mais non sans

324.0 327.0 1245.0 72.0 discréditer ailleurs bon nombre de dirigeants. C'est pourquoi

307.0 397.0 1337.0 60.0 j’appelle de mes voeux, avec l'opinion, cet immense procès de mora-

324.0 470.0 1262.0 51.0 lité, mais c’est aussi pourquoi il ne s’ouvrira pas sans résis-

322.0 527.0 1320.0 68.0 tances...... Ce sera le plus redoutable examen de conscience qu'on

320.0 593.0 1339.0 71.0 ait jamais connu, dans aucun temps ; ce sera la moralité de la guer-

320.0 666.0 1264.0 64.0 re, la fin de la guerre et l’ouverture de l'ère nouvelle, si ce

318.0 730.0 1262.0 68.0 procès vraiment a lieu. Si non le traité de paix ne sera que la

305.0 803.0 1240.0 59.0 consécration de tous les mensonges du passé ; le recommencement

316.0 867.0 1246.0 63.0 hypocrite et l’aggravation de tous nos maux. L'opinion le sent

302.0 931.0 1350.0 68.0 bien, si elle n’est pas satisfaite, et si elle n’est pas trop lasse,

318.0 999.0 1328.0 68.0 trop dégoûtée, elle se révoltera. De toutes façons le grand procès,

315.0 1067.0 1254.0 62.0 le procès des origines de la guerre doit s’ouvrir et s’ouvrira,

315.0 1124.0 1298.0 77.0 quel qu'en puisse être le dénouement, pour l'édification de l'Al-

313.0 1195.0 701.0 60.0 lemagne d’abord et du monde entier.

509.0 1259.0 1108.0 66.0 Nous constations à Paris des symptômes frappants de ces

302.0 1331.0 1333.0 64.0 exigences de l’opinion. La chambre des Députés dispute en ce moment

313.0 1395.0 1320.0 71.0 l'interpellation BARTHE, tendant à établir que la grande métallur-

309.0 1464.0 1225.0 62.0 gie internationale a été d’accord, a été organisée comme j'ai

309.0 1523.0 1284.0 69.0 vainement essayé de le dire tant de fois, pour pousser à la con-

293.0 1592.0 1300.0 70.0 sommation de ses produits, c’est à dire à la guerre. Et cette in-

294.0 1660.0 1348.0 70.0 terpellation fait ressortir déjà de fâcheuses complaisances de notre

307.0 1726.0 1198.0 66.0 état-major dont la/candeur fut enveloppée d’un voile ou d'une

291.0 1790.0 1353.0 73.0 sorte de filet de relations mondaines et familiales et d’entreprises

311.0 1861.0 575.0 59.0 savantes des grands journaux.

503.0 1926.0 1039.0 62.0 Le procès du Kaiser conduira donc infailliblement au

315.0 1995.0 1098.0 61.0 procès de la métallurgie et de la presse pour commencer.
