1747 2197
772.0 84.0 134.0 71.0 - 11 -

388.0 192.0 1223.0 80.0 filtrer quand même et par se répandre. Tel blessé de tel ré-

384.0 265.0 1150.0 70.0 giment a dit ou écrit qu’il a vu tomber, tel jour, à ses

386.0 329.0 1205.0 84.0 côtés, son camarade ou son officier, qui demeure en face de

386.0 399.0 1207.0 66.0 chez nous ou qui est le fils de mon ami. Chaque matin c’est

384.0 468.0 1231.0 70.0 un nom de plus : le fils d'un tel a été tué : et c’est chaque

384.0 532.0 1167.0 83.0 jour un p ère, une mère, une femme, des enfants qu'on voit

386.0 607.0 1289.0 64.0 en grand deuil. De quelque côté que je tourne mes yeux, je vois

382.0 671.0 1191.0 57.0 la mort qui vient de passer, une place vide laissée par un

384.0 730.0 1247.0 64.0 être jeune, aimé et que rien ne remplacera. Combien parmi ces

384.0 796.0 1286.0 86.0 morts étaient des êtres riches d’avenir, d’entreprise, d’inven-

386.0 873.0 492.0 46.0 tion de génie peut-être!

584.0 933.0 1009.0 53.0 Des pleurs de ceux qui restent se changeraient en

384.0 1006.0 1189.0 46.0 cris de révolte si chacun ne savait que la France est sans

384.0 1072.0 1179.0 48.0 reproche et qu’elle subit l’inévitable ; on crierait assez!

384.0 1144.0 1178.0 58.0 assez de sang : assez de ruines, faisons la paix! Mais non,

380.0 1206.0 1209.0 66.0 vous n'entendrez nulle part ce cri de lassitude: partout la

382.0 1274.0 1267.0 58.0 douleur, nulle part l’impatience. Chacun est préparé à la pro-

380.0 1340.0 1286.0 77.0 longation de la guerre, pendant un ans, deux ans, indéfiniment.

384.0 1413.0 1284.0 68.0 Chacun comprend où est le devoir, le devoir national et indivi-

382.0 1473.0 1304.0 83.0 duel, le devoir moral. L’Allemagne a donné sa mesure ; elle s’est

382.0 1539.0 1207.0 77.0 lancée, contre nous, malgré nous, dans une guerre dont nous

384.0 1611.0 1223.0 73.0 souffrirons certes autant et plus peut-être que nous n’avons

384.0 1678.0 1238.0 72.0 jamais souffert, mais dont elle ne peut pas profiter, puisqu'

382.0 1741.0 1158.0 49.0 elle s’est mise hors la loi, hors la société des nations.

384.0 1807.0 1243.0 53.0 C'est là ce qui tombe sous le sens de tout le monde, sauf des

382.0 1878.0 1260.0 46.0 Allemands. Plus ils seront vainqueurs plus leur perte est cer-

384.0 1940.0 1242.0 51.0 taine. Supposons la France envahie, ruinée, détruite comme la

382.0 2010.0 1242.0 51.0 Belgique, mais à quel prix ; puisque nous résisterons jusqu’au
