1745 2197
849.0 164.0 106.0 83.0 - 4 -

349.0 302.0 1196.0 67.0 le Général SEBERT, Sir Robert BORDEN, les professeurs CESTRE,

364.0 346.0 573.0 45.0 de LAPRADELLE, etc...., etc....

353.0 433.0 1258.0 64.0 celles du Boulevard Saint-Germain, - notre filiale ; - elles ont

549.0 373.0 1080.0 55.0 Les demoiselles du Bureau faisaient les honneurs, avec

349.0 505.0 1276.0 62.0 contribué à sauve/garder son existence, ne l’oublions pas ; elles

346.0 573.0 1296.0 60.0 s'y sont ainsi attachées, par un sentiment né de l’oeuvre même du

346.0 633.0 1281.0 73.0 bureau ; elles ont compris l’intérêt obscur mais certain de XXX

346.0 699.0 1338.0 68.0 leur collaboration à cette oeuvre ; elles s'y sont attachées par in-

342.0 772.0 1315.0 72.0 dépendance, par amour-propre, par émulation, s'élevant, peu à peu

346.0 838.0 1336.0 60.0 comme l’œuvre elle-même, au-dessus de l’ignorance ou de la légère-

344.0 908.0 1318.0 69.0 té de l'opinion courante, avec le niveau de leur tâche, fortifiées

342.0 974.0 1283.0 71.0 par leur résistance silencieuse aux difficultés, ennoblies enfin

336.0 1036.0 412.0 57.0 par leur dévouement.

536.0 1109.0 1135.0 70.0 Je me disais, et c’était, je crois, le sentiment général,

338.0 1168.0 1242.0 69.0 et ce serait le vôtre si vous aviez été avec nous nier que ce

336.0 1241.0 1321.0 71.0 modeste petit bureau, resté vivont, familial à travers cinq années

335.0 1307.0 1340.0 73.0 d'une crise sans égale, faisait honneur à notre effort: il justifie

333.0 1371.0 1265.0 75.0 par son succès, notre foi commune de la première heure, dans la

335.0 1440.0 1296.0 77.0 coopération franco-américaine, dans l'efficacité décisive du l'i

333.0 1503.0 646.0 71.0 déalisme organisé et bien servi.

825.0 1614.0 577.0 64.0 Votre affectueusement dévoué

849.0 1684.0 575.0 66.0 ££ ££ ££

170.0 1763.0 809.0 80.0 à Monsieur le Président N. Murray BUTLER

377.0 1836.0 199.0 77.0 NEW YORK
