1758 2197
701.0 73.0 806.0 69.0 Clermont-Créans (Sarthe) 15 Aout 1914

717.0 245.0 110.0 82.0 N° 1

651.0 378.0 334.0 59.0 Mon cher Butler

576.0 508.0 1073.0 72.0 Je reçois de notre cher Président de la CONCILIATION

377.0 587.0 1227.0 61.0 ALLEMANDE, le Dr. Nippold, la triste et touchante lettre ci-

379.0 649.0 1210.0 66.0 jointe. Je ne cesse de penser à lui depuis que la terrible

379.0 719.0 1250.0 64.0 guerre a éclaté malgré tout ; je n’oublierai jamais son aver-

380.0 779.0 1209.0 66.0 tissement prophétique, que vous avez entendu comme moi, sur

379.0 858.0 1208.0 61.0 l’effrayant progr ès de la "démagogie militariste allemande"

584.0 924.0 967.0 64.0 Quelle pitié que tous ces hommes d'élite réunis

377.0 986.0 1271.0 68.0 par nous, après tant d’années d’expérience et tant de généreu-

379.0 1050.0 1228.0 70.0 efforts, aient été impuissants contre la folie du militaris-

379.0 1125.0 1232.0 61.0 me et les excitations de la presse! Mais aussi quelle leçon

377.0 1193.0 1289.0 61.0 pour nous, et comme elle nous dicte notre devoir : plus que ja-

379.0 1250.0 1302.0 73.0 mais poursuivre notre oeuvre d'éducation. Nous n’avons pu, jus-

382.0 1320.0 1266.0 71.0 qu’ici, que le préparer, certes avec succès inespéré, mais les

1111.0 1305.0 50.0 44.0 ££

379.0 1395.0 1190.0 60.0 résultats importants que nous avons obtenus si vite et sur

380.0 1464.0 1301.0 57.0 tant de points ne sont que des débuts, des germes ; c’est mainte-

380.0 1534.0 1229.0 58.0 nant seulement que le monde civilisé, brutalement éveillé de

382.0 1594.0 1282.0 62.0 son ignorance, va comprendre ce que nous avons commencé et sur-

380.0 1656.0 539.0 68.0 tout ce qui reste à faire.

578.0 1790.0 1090.0 66.0 Je vous écrirai par un prochain courrier spécialement

375.0 1860.0 1278.0 67.0 à ce sujet, qui sera pour nous, avant peu, le sujet essentiel.

377.0 1924.0 1245.0 73.0 Aujourd'hui je suis encore tout à la douleur de me sentir im-

214.0 2035.0 947.0 61.0 à Monsieur le Président Nicholas Murray BUTLER
