1737 2197
894.0 100.0 144.0 92.0 - 3 -

646.0 289.0 872.0 60.0 Je veux bien que cette bonne femme soit une

324.0 353.0 1238.0 60.0 exception ; mais d'autres voudraient un empereur ; d’autres un

327.0 432.0 1292.0 55.0 général, un maître enfin. Au total, cela fait beaucoup de monde

329.0 494.0 1270.0 57.0 contre la République ; et c’est pourquoi je me réfuse énergique-

324.0 560.0 1216.0 56.0 ment, sous prétexte de redouter le bolchevisme qui jamais ne

327.0 629.0 1254.0 53.0 s’acclimatera en France, à préparer le retour des vieux partis

327.0 703.0 1232.0 47.0 qui, non contents de nous avoir fait tant de mal, voudraient

324.0 757.0 496.0 68.0 maintenant nous achever.

639.0 822.0 960.0 62.0 Croyez bien que je ne suis devenu ni socialiste

322.0 895.0 1158.0 55.0 ni extrémiste, mais que je sais quels sont les hommes qui

324.0 959.0 1215.0 60.0 voulaient la guerre, tandis que le Kaiser lui, commettait le

326.0 1027.0 1253.0 60.0 folie de la déchaîner ; ces mêmes hommes la voudront encore et

324.0 1102.0 1193.0 67.0 ce sont eux qui nous préparent la révolution et le désastre

322.0 1147.0 236.0 68.0 universels.

919.0 1263.0 592.0 66.0 Votre affectueusement dévoué,

963.0 1354.0 418.0 96.0 ££ ££ ££

201.0 1550.0 949.0 83.0 à Monsieur le Président Nicholas Murray BUTLER,

621.0 1633.0 192.0 67.0 NEW-YORK.
