1750 2197
694.0 89.0 125.0 59.0 - 3 -

359.0 177.0 1277.0 79.0 que chacun comprend, sauf les Prussiens, et c’est ce qui exalte

381.0 245.0 1218.0 71.0 les âmes ! Et c’est aussi la certitude qu’il y a une justice

366.0 318.0 1088.0 71.0 et que l’Empire/Allemand paiera le mal qu’il aura fait.

564.0 389.0 1057.0 65.0 Tout le malheur, je le répète, vient du crime commis

370.0 452.0 1270.0 75.0 il y a 43 ans et que nous avons accepté pour ne pas recommencer

366.0 523.0 1239.0 73.0 la guerre ; notre résignation n'a pas suffi ; elle n’a pas fait

366.0 569.0 1237.0 88.0 disparaître le mal ;le Gouvernement allemand n’en a pas moins

370.0 638.0 1136.0 79.0 été obligé de le confirmer chaque jour ; le malheur a été

370.0 706.0 1215.0 88.0 l’annexion de l’Alsace-Lorraine par la force. C’est cela que

370.0 768.0 1216.0 92.0 les Allemands paient aujourd'hui : c’est cela qu’ils paieront

370.0 836.0 1112.0 86.0 aussi longtemps qu’ils n’auront pas racheté leur faute.

371.0 900.0 1232.0 86.0 Ici la France est irréprochable ; elle a résisté aux chauvins;

370.0 981.0 1216.0 69.0 nos élections générales, les conférences de Berne et de Bâle

371.0 1061.0 1193.0 61.0 ont prouvé que, loin de chercher la revanche, elle voulait

370.0 1103.0 1251.0 88.0 par des concessions mutuelles, arriver dignement à la réconci-

375.0 1180.0 1290.0 77.0 liation dans la paix. Les Allemands paient aujourd'hui leur fau-

375.0 1255.0 1274.0 74.0 te de 1870-71, parce que cette faute les a corrompus, empoison-

373.0 1323.0 1235.0 66.0 nés. Je l'ai dit mille fois. Pour conserver sous leur domina-

379.0 1374.0 1173.0 81.0 tion ces deux infortunées provinces, il a fallu les garder

375.0 1442.0 1235.0 79.0 de force, instituer un régime de force, et, pour cela, chaque

377.0 1506.0 1217.0 84.0 jour faire à rebours une éducation nouvelle du pays, fausser

377.0 1576.0 1233.0 79.0 la vérité, égarer les consciences, présenter à tous et à soi-

379.0 1642.0 1196.0 75.0 même le mal pour le bien. Mais un tel regime, inconciliable

379.0 1708.0 1226.0 80.0 avec le progrès moderne des moeurs, des idées, de la science,

377.0 1775.0 1217.0 79.0 ne pouvait durer sans un redoublement paradoxal de force, de

382.0 1841.0 1292.0 72.0 brutalité même, en pleine paix ; il a fallu prévenir les révoltes

399.0 1911.0 1178.0 80.0 par des répressions comme celle de Saverne qui ont soulevé
