1745 2197
902.0 137.0 291.0 86.0 LETTRE N° 535.

199.0 232.0 244.0 77.0 SÉNAT

1190.0 265.0 392.0 88.0 PARS, 23 Mai 1919.

589.0 417.0 954.0 99.0 LE RETOUR DES INFIDELES à la DOTATION CARNEGIE.

990.0 633.0 337.0 77.0 Mon cher Butler,

714.0 774.0 791.0 62.0 Je prévois que Fried ne va pas tarder à

415.0 845.0 1192.0 57.0 s’adresser à la Dotation Carnegie pour rentrer en grâces,...

417.0 913.0 1199.0 55.0 s'il ne l'a pas déjà fait. Il importe que vous soyez édifié

417.0 981.0 1181.0 60.0 sur le double fonds de sa conscience, d’abord encourageante

417.0 1038.0 1084.0 69.0 pour les pires excès du militarisme allemand, avant la

419.0 1094.0 1181.0 74.0 bataille de la Marne, ensuite découragée par les déceptions

419.0 1179.0 1214.0 54.0 et les lenteurs d’une guerre qui ne nourrissait pas sa Revue.

712.0 1244.0 807.0 52.0 Fried a mené une campagne perfide contre

415.0 1307.0 1198.0 66.0 Nippold, accusé du crime de loyauté par tous les publicistes

415.0 1374.0 1198.0 63.0 allemands. Fried a été contre Nippold ; c’est naturel ; mais

413.0 1442.0 1158.0 51.0 il ne faut pas que la Dotation puisse s'égarer à sa suite.

411.0 1508.0 1143.0 59.0 Je vous envoie ci-joint, en 5 exemplaires, un intéressant

411.0 1576.0 1105.0 57.0 article publié par Moch, dans "La Paix par le Droit" et

411.0 1640.0 1161.0 68.0 intitulé ; "Un réquisitoire nécessaire". Cet article est à

408.0 1704.0 577.0 64.0 classer au dossier de Fried.

704.0 1907.0 940.0 51.0 Il y a aussi la question de l'Union Interparle-

1474.0 1946.0 168.0 55.0 mentaire,

177.0 2057.0 939.0 64.0 à Monsieur le Président Nicholas Murray BUTLER.
