1751 2197
745.0 128.0 112.0 45.0 - 4 -

379.0 221.0 1203.0 77.0 de dégoût et même d’inquiétude le monde entier ; cette igno-

377.0 298.0 1243.0 71.0 minieuse brutalité du caporalisme prussien devenue souveraine

375.0 366.0 1183.0 62.0 maîtresse, par la force des choses, contre la volonté même

377.0 433.0 1163.0 74.0 de l’Empereur, contre la protestation de toute l'élite de

379.0 501.0 1203.0 64.0 l'Allemagne, celle des Zorn, des Foerster, des Nippold, des

379.0 562.0 1243.0 76.0 Bebel, etc. etc. a fini par être une menace et un danger pour

380.0 638.0 1198.0 74.0 l’Allemagne elle-même. Tout cela s’enchaîne et l’Allemagne,

377.0 703.0 1185.0 73.0 quoi qu’il arrive ne peut sortir victorieuse d’une guerre

377.0 759.0 1313.0 83.0 qui n'est elle-même que le dénouement de l’abus de ses victoires.

379.0 831.0 1243.0 73.0 Elle en est exactement au point qu’indiquait, il y a cent ans

377.0 902.0 1167.0 61.0 Benjamin Constant quand, dénonçant la folie Napoléonienne

379.0 972.0 1221.0 64.0 déjà "anachronique, suivant lui, il écrivait : "De nos jours

380.0 1034.0 819.0 69.0 Carthage aurait tout le monde pour elle"

575.0 1102.0 1097.0 53.0 Or aujourd'hui Carthage ce n’est plus Paris seulement,

380.0 1168.0 1261.0 53.0 c’est Bruxelles, c’est Londres, c’est New-York, c’est toute la

379.0 1232.0 1144.0 73.0 terre que la caducité du régime impérial Austro-Allemand

375.0 1299.0 339.0 85.0 prétend dominer.

575.0 1367.0 1088.0 51.0 L'issue d'une aussi stupide et monstrueuse prétention

377.0 1435.0 1297.0 53.0 n’est pas douteuse, même si le nombre afflux d’un monde nouveau,

379.0 1501.0 1240.0 53.0 la race slave, ne devait pas venir se déverser sur le dos des

379.0 1572.0 1262.0 55.0 armées allemandes, comprenez bien ceci, répétez-le, publiez-le

379.0 1629.0 1298.0 62.0 si vous voulez ; la France, la Belgique, l’Angleterre peuvent su-

379.0 1702.0 1223.0 53.0 bir échec sur échec, elles s'y préparent, elles/s’y attendent

377.0 1766.0 1280.0 53.0 elles ne se décourageront pas ; et les armées allemandes s’épui-

377.0 1829.0 1238.0 71.0 seront inutilement à tuer, à bruler, à détruire, elles se dé-

379.0 1904.0 1258.0 56.0 truiront elles mêmes à la fin. Notre tactique nationale est de

379.0 1973.0 1274.0 53.0 les prendre à leur propre pi ège et de les us€s€er. Mais que sera-

377.0 2043.0 1271.0 58.0 ce jour où l'inondation de la race slave s’avançant inexorable,
