1747 2197
928.0 153.0 124.0 57.0 - 2 -

428.0 285.0 1227.0 70.0 et nous aurons beau grossir le passif de l’Allemagne coupable,

430.0 358.0 1177.0 61.0 le dénuement de ses victimes n’en restera pas moins le fait

428.0 426.0 1179.0 55.0 acquis. Le Gouvernement nous fait entrevoir, après l'impôt

428.0 492.0 1179.0 51.0 sur le luxe qui n'a donné qu'une charge de plus sur la pro-

428.0 552.0 1157.0 64.0 duction, un impôt sur le capital ; mais on s’apercoit qu'on

432.0 624.0 1155.0 53.0 va tarir ainsi la source de nos futurs emprunts. On n'ose

430.0 684.0 1177.0 61.0 pas encore parler, bien qu'on y pense, des projets Caillaux

430.0 761.0 1119.0 44.0 d’impôt sur le revenu universel ; pas plus qu'on n'ose le

430.0 820.0 1175.0 64.0 juger, de peur d'en faire "un chef de parti", selon la pré-

428.0 886.0 1179.0 58.0 diction de M. Ribot. On n'a pas su recourir franchement au

428.0 942.0 1201.0 66.0 bon vouloir de nos alliés, après l'armistice, et on a laissé

428.0 1025.0 1181.0 46.0 bêtement, de part et d'autre, leur enthousiasme et le nôtre

428.0 1085.0 1139.0 57.0 se refroidir. Nos régions envahies, non restaurées, bien

430.0 1149.0 1236.0 57.0 entendu, et pas même administrées, sont hors d'elles ; l'Alsace

428.0 1212.0 1139.0 53.0 se demande, comme je l'ai prévu, si nous allons lui faire

424.0 1272.0 1158.0 64.0 payer sa joie d'être libre en lui imposant notre désordre.

428.0 1342.0 1167.0 62.0 Nos jeunes gens, sans instruction depuis cinq ans, six ans,

430.0 1409.0 1155.0 53.0 sept ans même, suivant leur âge, ne savent pas comment ils

426.0 1471.0 1179.0 63.0 vont reprendre une vie normale, en concurrence avec la jeu-

428.0 1541.0 1177.0 60.0 nesse de nos alliés, et à quel niveau pourra remonter ce qui

432.0 1607.0 1183.0 60.0 va rester de notre jeunesse à nous, dans toutes les classes,

428.0 1682.0 1139.0 49.0 pauvres, moyennes ou riches, après avoir été si longtemps

428.0 1746.0 1157.0 55.0 privée de l'apprentissage, de l'instruction et de l'éduca-

424.0 1796.0 1088.0 73.0 tion indispensables? Mais j'y reviendrai. Ce que mon
