1754 2197
743.0 97.0 128.0 53.0 - 6 -

368.0 192.0 1263.0 71.0 les Etats-Unis d’Europe, avec le désarmement, ou tout au moins

368.0 259.0 1257.0 70.0 les armements limités à ceux d’une force collective de police.

567.0 329.0 937.0 62.0 Si tel doit être le dénouement de la tragédie,

368.0 393.0 1182.0 68.0 c'est assez dire que l’humanité reprendra sa route dans la

368.0 463.0 1234.0 75.0 voie où nous voulions et où on pouvait l’engager sans guerre.

567.0 538.0 927.0 57.0 Rien, dans les catastrophes actuelles, ne nous

369.0 593.0 1244.0 71.0 donne tort ; tout au contraire, justifie notre dévouement pas-

371.0 664.0 1263.0 71.0 sioné, notre vision des malheurs que nous avons voulu prévenir

371.0 739.0 1258.0 66.0 Notre seul tort aura été d’avoir raison en trop petit nombre.

373.0 805.0 1283.0 60.0 Si les égoïstes qui, maintenant, vont se plaindre avaient grou-

369.0 867.0 1227.0 72.0 pé leurs forces autour de nous contre les puissances de men-

373.0 935.0 1243.0 66.0 songe et de domination, la guerre n’aurait été ni possible ni

373.0 1001.0 1164.0 70.0 concevable. Votre généreux pays est moins égoïste et plus

375.0 1071.0 1243.0 71.0 clairvoyant que le vieux monde ; ce sera son honneur et sa ré-

375.0 1146.0 697.0 64.0 compense, dans un avenir prochain.

574.0 1199.0 1101.0 62.0 Ecrivez moi en duplicata à Paris et à Clermont-Créans.

856.0 1266.0 584.0 74.0 Votre affectueusement dévoué

953.0 1358.0 544.0 77.0 D'ESTOURNELLES DE CONSTANT

214.0 1561.0 943.0 83.0 à Monsieur le Président Nicholas Murray BUTLER

503.0 1614.0 178.0 64.0 NEW-YORK
