1738 2197
771.0 78.0 142.0 75.0 - 13 -

380.0 135.0 1246.0 86.0 convaincre chez elle et qui seule pouvait travailler avec nous

377.0 216.0 1210.0 67.0 à la convertir. Et la France ? où trouvera t-elle les hommes

382.0 274.0 1266.0 77.0 dont elle avait déjà besoin auparavant pour soutenir les luttes

382.0 347.0 1247.0 66.0 de la concurrence universelle ? Une année va s'écouler pendant

386.0 410.0 1278.0 77.0 laquelle non seulement elle aura perdu ses ressources, mais elle

384.0 477.0 1244.0 74.0 aura suspendu l’instruction de ses jeunes gens. Et je ne parle

384.0 554.0 1244.0 62.0 pas des tours de force financiers qu’il faudra faire pour suf-

386.0 609.0 1205.0 79.0 fire aux dépenses de réparation, de reconstruction ? Comment

390.0 673.0 1282.0 79.0 conciliera-elle ce besoin de revivre, qui a toujours été en elle

388.0 745.0 1205.0 71.0 et les forces qu’il faudra encore mettre en avant pour faire

391.0 816.0 1222.0 70.0 face aux dangers qui subsisteront à l'étranger?.... Si l’Euro-

388.0 875.0 1267.0 69.0 pe divisée n'a rien su faire pour empêcher l’incendie des Bal-

390.0 937.0 1280.0 79.0 kans, l'Europe épuisée ne sera-t-elle pas plus impuissante enco-

391.0 1014.0 1282.0 62.0 re ? Quelle force opposera-t-elle au fanatisme, à la mégalomanie

391.0 1072.0 1266.0 74.0 que'lle aura suscitée parout, à son exemple ? C'est €à€ dire que

391.0 1140.0 1207.0 73.0 la politique de la violence suivra son cours. A quel prix la

390.0 1212.0 1185.0 62.0 France, victorieuse à la fin, mais saignée une fois encore,

391.0 1276.0 1282.0 71.0 ravagée, ruinée, trouvera-t-elle la force de reprendre la sainte

391.0 1338.0 1281.0 75.0 mission humaine, pacificatrice, qu’elle était si fière de devoir

391.0 1418.0 499.0 59.0 à la confiance du monde?

593.0 1466.0 998.0 68.0 Je ne dis rien de ces inquiétudes trop naturelles,

395.0 1537.0 1187.0 72.0 hélas, pour qui a quelque expérience des réalités de la vie

397.0 1601.0 1264.0 68.0 internationale moderne, et qu’il est difficile de chasser quand

399.0 1671.0 1273.0 62.0 les jours passent, si longs, si désolants, et sans résutats dé-

399.0 1737.0 1203.0 62.0 cisifs: je les garde pour moi, et si je vous en parle, c’est

395.0 1792.0 1282.0 80.0 pour en conclure avec plus de force qu’en dépit de tout je crois

399.0 1865.0 1280.0 68.0 avec certitude et comme toute la France que le militarisme prus-

402.0 1937.0 1180.0 67.0 sien ne pourra pas triompher en mesurant le mal qu'il aura
