1742 2197
842.0 80.0 126.0 66.0 - 3 -

382.0 179.0 1251.0 64.0 dit les super-Dreadnoughts allemands. Quant à nos chemins de

386.0 254.0 1299.0 59.0 fer, des trains sans nombre et sans fin se succèdent ou se croi-

386.0 318.0 1310.0 59.0 sent nuit et jour, sur toutes nos lignes, des Alpes, des Pyrénées

384.0 386.0 1266.0 62.0 et de l'Océan jusqu’aux Vosges, transportant les troupes fran-

386.0 459.0 1280.0 53.0 çaises et même anglaises, leurs munitions, leur matériel en or-

384.0 516.0 1282.0 62.0 dre parfait, pour revenir à vide ou ramener les convois de pri-

384.0 584.0 1266.0 71.0 sonniers et de blessés dont les campements ou les hôpitaux vo-

386.0 657.0 1268.0 57.0 lontaires ou publics sont prêts dans toutes nos petites villes

384.0 723.0 438.0 56.0 du sud ou de l'ouest.

580.0 785.0 962.0 60.0 La mobilisation, commencée il y a treize jours,

382.0 858.0 1248.0 61.0 est aujourd'hui accomplie ; elle s’est faite exactement, comme

382.0 926.0 1228.0 62.0 par un mouvement d’horlogerie, dans les délais prévus depuis

381.0 988.0 1296.0 62.0 vingt années, par l'Etat-Major, avec un entrain incroyable, ame-

382.0 1063.0 1262.0 53.0 nant à leur poste tous les hommes de l’armée active, de la ré-

382.0 1120.0 1257.0 68.0 serve, de la territoriale: dans toutes les villes ou villages

379.0 1190.0 1289.0 71.0 même ceux où passent à heure fixe jusqu’à cent cinquante trains

377.0 1261.0 1249.0 62.0 militaires par jour, les femmes se sont organisées pour aller

381.0 1329.0 1241.0 58.0 à la gare distribuer aux soldats et aux officiers, fraternel-

381.0 1389.0 1306.0 72.0 lement unis, des fleurs des boissons fraîches, des fruits ; nulle

381.0 1464.0 1247.0 55.0 part l’alimentation des troupes ne laisse à désirer ; l'argent

382.0 1534.0 1242.0 62.0 est réservé avant tout à l’armée, à tel point que les Banques

381.0 1592.0 1197.0 66.0 refusent momentanément de servir aux particuliers leurs dé

377.0 1667.0 1225.0 53.0 pôts, afin de tenir à la disposition de l'Etat tout leur nu-

377.0 1735.0 1247.0 64.0 méraire possible. Et personne ne se plaint, au contraire ; les

379.0 1790.0 1243.0 64.0 livraisons de quantités énormes de foin, de blé, de bestiaux se

381.0 1856.0 1307.0 77.0 font à l’heure dite, jour par jour, comme si tout cela fonction-

377.0 1926.0 1244.0 75.0 nait depuis des années. C'est la nation entière qui s'est mo-
