1747 2197
922.0 129.0 97.0 59.0 - 3 -

386.0 219.0 1221.0 66.0 confiance et d’avenir assuré, entre tous les autres pays ; si

386.0 296.0 1280.0 61.0 seulement il n’est pas détruit, la guerre se flattant maintenant

384.0 362.0 1240.0 62.0 de détruire la campagne aussi complètement que les villes. Et

384.0 433.0 1203.0 57.0 ces plaines, ces collines bénies, il y en a partout, dans ce

384.0 490.0 1242.0 61.0 qui reste de la France. Ailleurs l'ingéniosité de ses popula-

386.0 554.0 1199.0 61.0 tions a su entremêler les cultures et les herbages, ailleurs

380.0 629.0 1224.0 53.0 les vignes, les vergers, les bois ; les arbres mêmes viennent

382.0 692.0 1244.0 67.0 très bien le long des routes. Ces routes dont nous ne savions

380.0 765.0 1183.0 60.0 pas apprécier la beauté avant la guerre ! A présent elles se

379.0 831.0 1162.0 53.0 ressentent seules de la guerre ; elles sont devenues, pour

377.0 895.0 1163.0 58.0 un bon nombre, impraticables, sous la course infernale des

377.0 950.0 1271.0 75.0 autos et des tracteurs. Partout où séjournèrent les Américains.

379.0 1030.0 1245.0 59.0 il n'y a plus de routes. Vous n'êtes pas soigneux. En France,

377.0 1085.0 1228.0 72.0 on entretenait, on rafistolait les routes, je ne sais comment,

375.0 1166.0 1185.0 49.0 par de petits soins quotidiens ; un cantonnier qui semblait

375.0 1224.0 1220.0 66.0 toujours inactif, baladait des cailloux, de l'herbe, du sable

373.0 1294.0 1183.0 57.0 ou de la terre bien choisie ; il faisait la toilette de nos

371.0 1356.0 1163.0 66.0 chemins, plus doux ainsi et plus roulants que des billards

373.0 1428.0 1124.0 56.0 entre deux platebandes de gazon ; et ces longs tracés de

373.0 1495.0 1278.0 57.0 rubans sinueux et entrecroisés restaient en tous sens les traits

371.0 1554.0 1222.0 64.0 d’union de tout le pays. Nos armées essaient de nous aider à

373.0 1627.0 1216.0 53.0 les réparer par de grands travaux ; mais elles ne savent pas;

371.0 1693.0 1180.0 53.0 vos hommes rient de nos petits soins et les nôtres rient de

369.0 1761.0 1238.0 57.0 vos grands efforts perdus ; et vos camions continuent de faire

369.0 1816.0 1139.0 69.0 voler au passage, jusque dans les champs, les cailloux mal

368.0 1894.0 1241.0 61.0 agglomérés. Il nous faudra quinze ans, si nous retrouvons des
