1749 2197
893.0 142.0 143.0 52.0 - 16 -

419.0 265.0 884.0 71.0 du jour de la réunion, dont voici la teneur:

619.0 399.0 86.0 73.0 I° -

807.0 406.0 595.0 57.0 Programme d'action pour 1919.

613.0 468.0 99.0 79.0 2°.-

811.0 466.0 833.0 66.0 Participation aux débuts de l'Association

818.0 512.0 760.0 48.0 Française pour la Société des Nations,

620.0 580.0 85.0 64.0 3°,-

811.0 571.0 773.0 60.0 Relations avec les autres associations

814.0 609.0 522.0 57.0 analogues des pays alliés.

615.0 673.0 99.0 66.0 4°.-

807.0 673.0 399.0 55.0 Questions diverses.

417.0 796.0 1165.0 68.0 Différents articles de cet ordre du jour ont déjà été dis-

417.0 876.0 1163.0 55.0 cutés au cours de la séance, principalement en ce qui con-

415.0 941.0 1106.0 49.0 cerne la participation du Bureau Européen aux débuts de

412.0 995.0 1225.0 66.0 l'Association Française pour la Société des Nations ; l'assem-

410.0 1069.0 1089.0 62.0 blée a été unanime à approuver l'action de la Dotation

412.0 1136.0 747.0 63.0 vis-à-vis de la nouvelle Association.

406.0 1224.0 366.0 72.0 M. la PRÉSIDENT.-

873.0 1235.0 817.0 63.0 J'élargirai un pau le sens de l'ART.III;

412.0 1298.0 1164.0 53.0 j'ai besoin d'avoir l'avis de vous tous, et en particulier

410.0 1369.0 1115.0 57.0 de juristes tels que M.M. Weiss, de Lapradelle et Dumas,

410.0 1437.0 1084.0 49.0 pour savoir comment nous devons envisager nos relations

412.0 1499.0 545.0 62.0 présentes avec les neutres.

705.0 1559.0 890.0 63.0 Il est bien entendu que jusqu'au jour où les

406.0 1627.0 1167.0 57.0 préliminaires de la paix auront été signés, nous resterons

406.0 1706.0 1185.0 46.0 entre Alliés. Avant la guerre, de par les statuts mêmes de

408.0 1764.0 1187.0 55.0 la Dotation, nous étions une assemblée Internationale ; nous

406.0 1830.0 1225.0 63.0 ne le redeviendrons plus qu'une fois la guerre finie, et sous

402.0 1891.0 1246.0 71.0 certaines réserves. Pour le moment, nous n'avons pas le droit,

404.0 1966.0 1088.0 62.0 en conscience, d'ouvrir nos rangs et nos séances à des
