1745 2197
917.0 117.0 91.0 71.0 - 4 -

382.0 250.0 921.0 66.0 cantonniers, pour remetre nos routes en état.

714.0 313.0 890.0 71.0 Malgré tout, malgré les trains devenus rares

384.0 386.0 1236.0 68.0 sur nos voies ferrées, malgré les routes souvent inutilisables

384.0 459.0 1198.0 57.0 et les voies navigables, uniques au monde mais dès longtemps

384.0 516.0 1220.0 64.0 abandonnées, la campagne ne m’a jamais paru plus riante, plus

384.0 591.0 1221.0 57.0 confiante. Un éleveur du pays m’accompagnait. J'admirais sa

384.0 649.0 1240.0 63.0 sérénité ; je l'entendais avec plaisir se louer des Américains,

384.0 725.0 1122.0 60.0 alors que certaines villes, gorgées de leur or, osent se

382.0 783.0 1161.0 68.0 plaindre de leur présence ; je voyais les jeunes filles du

382.0 856.0 1123.0 61.0 pays se promener et gesticuler en riant, des yeux et des

384.0 917.0 1181.0 66.0 bras, avec eux, pour se faire comprendre, c’est-à-dire pour

386.0 986.0 1239.0 61.0 se faire aimer ; bref, tout le monde était content, et le pays

388.0 1045.0 1236.0 75.0 était radieux. Est-il vrai, demandais-je, que vous vendez vos

384.0 1113.0 1143.0 64.0 vaches jusqu'à 2.000 frs par tête? Oui, me répondait mon

390.0 1188.0 1193.0 62.0 éleveur ; je viens même d’en vendre une 2.800 francs ! Mêmes

391.0 1241.0 1240.0 71.0 prix pour les chevaux, ces percherons si connus aux Etats-Unis.

402 1312 1137 75 Deux porcs se vendent 800 francs, la pièce, et davantage.

388.0 1382.0 1214.0 68.0 Une paire de poulets 40 frs ; le beurre 8 frs la livre, etc...

386.0 1453.0 298.0 64.0 etc.... etc....

719.0 1510.0 888.0 64.0 Bien plus, cette partie de la Sarthe produit

386.0 1574.0 1260.0 66.0 du chanvre ; et le Gouvernement payait une prime pour encourager

386.0 1645.0 1164.0 61.0 cette culture. Or le chanvre étant devenu introuvable, un

388.0 1717.0 1203.0 66.0 petit fermier qui paie un fermage de mille francs par an, en

390.0 1785.0 1274.0 69.0 a vendu, l’année dernière, pour 60.000 francs. 60.000 frs, vous
