1730 2197
821 184 139 43 - 28 -

245.0 325.0 1299.0 77.0 à la discussion du Traité de paix : malheureusement le jour où je

252.0 369.0 1247.0 66.0 devais parler, le vendredi 10, il me fallait être au Mans où se

249.0 400.0 1261.0 70.0 réunissaient, en Congrès, pour la première fois depuis la guerre,

251.0 432.0 1229.0 69.0 les délégués de tous les républicains du Département. Réunion

251.0 468.0 1248.0 66.0 importante, unique. Il s'agissait d'y désigner les cinq candi-

247.0 503.0 1272.0 64.0 dats appelés à former la liste républicaine en vue des élections

247.0 534.0 1310.0 70.0 législatives imminentes. O surprise ! M. Caillaux, dont quelques

243.0 571.0 1177.0 66.0 infidèles réclamaient l'élimination, a éte élu. Il a obtenu

240.0 631.0 1240.0 70.0 165 voix sur 280 votants. C'est un beau succès et pour lui et

245.0 666.0 1274.0 62.0 pour les populations qui n'ont pas voulu qu'il fût condamné sans

243.0 703.0 1234.0 58.0 jugement. Acceptera-t-il cette candidature ? C'est une autre

245.0 732.0 1252.0 62.0 question. Mais la manifestation est ce qu'il fallait souhaiter

241.0 761.0 1344.0 73.0 pour l'acquit de notre conscience. Je suis rentré aussitôt à Paris,

247.0 800.0 1246.0 65.0 à temps pour prendre part a la fin de la discussion du Sénat et

240.0 829.0 1255.0 79.0 au vote du Traité de paix, dont je vous parlerai duns une autre

241.0 864.0 149.0 56.0 lettre.
