1735 2197
835.0 162.0 115.0 76.0 - 2 -

536.0 291.0 1122.0 75.0 Je prends l'exemple le plus actuel, celui de PAINLEVÉ:.

377.0 367.0 1194.0 65.0 Ses adversaires, en d’autres termes, les gens du monde, les

377.0 435.0 1271.0 62.0 chauvins, des généraux, chefs de bureau aigris voulaient l'at-

379.0 503.0 1293.0 59.0 teindre et,à travers lui, le régime. Ils prétendaient le charger

379.0 571.0 1268.0 60.0 de la responsabilité de toutes les déceptions de la guerre. Les

375.0 644.0 1312.0 64.0 Etats-Majors et les généraux seraient vainqueurs depuis longtemps,

373.0 715.0 1252.0 59.0 disaient-ils, s’ils n’étaient pas sans cesse contrariés, para-

375.0 778.0 1316.0 56.0 lysés par le Ministre et par les parlementaires qui le soutiennent

375.0 842.0 1191.0 67.0 c’est ce qu’ils impriment tous les jours, matin et soir, ce

373.0 906.0 1285.0 71.0 qu'on imprime encore dans tous les journaux bien pensants et mê-

373.0 974.0 1255.0 64.0 me dans pas mal de journaux républicains défaillants, (le plus

370.0 1043.0 1255.0 64.0 grand nombre, car il n'y a rien à gagner du côté du service de

370.0 1114.0 1192.0 59.0 la démocratie, et dès qu’un journal républicain réussit, il

368.0 1177.0 1255.0 71.0 passe généralement, sans qu'on s’en doute, dans l'autre camp. )

523.0 1250.0 1138.0 59.0 Mais le public à la longue a fini par XX être en défian-

368.0 1314.0 1174.0 60.0 ce ; l'Affaire DREYFUS, l'Affaire MALVY, l'Affaire CAILLAUX

368.0 1376.0 1033.0 61.0 l'ont inquiété ; il a des doutes. Alors que fait-on?

527.0 1451.0 1131.0 61.0 Trois ou quatre journalistes connus de Paris, - je pour-

368.0 1506.0 1288.0 70.0 rais les nommer, - parmi ceux qui ont toujours suscité des polé-

366.0 1581.0 1273.0 64.0 miques et la discorde nationale et internationale, - se mettent

364.0 1647.0 1288.0 62.0 d’accord pour s’emparer d’un fait qui leur est signalé par quel-

364.0 1720.0 1251.0 63.0 que bureau, quelque état-major, (je n'ose pas dire par quelque

366.0 1779.0 1229.0 75.0 grand chef,) et ils se chargent d’en faire le point de départ
