1751 2197
826.0 115.0 120.0 58.0 - 9 -

384.0 203.0 1295.0 62.0 sieurs jours couchés sur la paille ou sur des brancards aménagés

386.0 278.0 1260.0 55.0 dans des wagons à bestiaux,; il faisait froid ; beaucoup d’entre

386.0 342.0 1260.0 66.0 eux portaient encore leur tenue d'été, des pantalons de toile !

388.0 415.0 1276.0 59.0 On les descendait avec leurs pansements déjà vieux de plusieurs

386.0 477.0 1200.0 64.0 jours, épuisés, grelottant, fiévreux ; on n’en finissait pas

388.0 543.0 1254.0 55.0 de les installer comme on pouvait dans des voitures, des autos

384.0 607.0 1260.0 61.0 et des chat à-bancs pour les distribuer ensuite dans les hôpi-

384.0 677.0 1293.0 60.0 taux encombrés ou improvisés. Quand j’ai vu le premier train in-

384.0 748.0 1297.0 57.0 terminable se vider ainsi j’ai eu peine à contenir mon désespoir

382.0 811.0 1279.0 64.0 devant ces pauvres ruines humaines, toute cette jeunesse sauvée

382.0 876.0 1260.0 66.0 peut-être, mais condamnée quand même, pour un bon nombre, à ne

384.0 950.0 1202.0 60.0 plus être que des infirmes. Tous ces malheureux décimés par

388.0 1006.0 1313.0 65.0 la gr èle infernale des mitrailleuses et des obus s’estimaient heu

386.0 1087.0 1310.0 57.0 reux de ne pas être restés, comme leurs camarades, sur le terrain

384.0 1147.0 1180.0 61.0 ensevelis sous des ruines ou sous des monceaux de cadavres

386.0 1219.0 1295.0 51.0 d'hommes et de chevaux, mais la plupart d’entre eux n’en avaient

384.0 1288.0 1255.0 55.0 pas moins été frappés d'un ou deux, quelquefois trois ou quatre

384.0 1351.0 1260.0 55.0 projectiles ; et pas un seul ne se plaignait. C’est là ce qu'on

384.0 1415.0 1236.0 58.0 ne peut pas croire quand on ne l'a pas vu. Toute cette pauvre

386.0 1475.0 1295.0 64.0 jeunesse humaine se laissait porter sans un mot de récrimination

384.0 1543.0 1216.0 62.0 et presque tous avec espoir de se guérir pour repartir, pour

384.0 1611.0 1231.0 51.0 rejoindre leurs camarades et repousser l’envahisseur. Un tr ès

380.0 1675.0 1178.0 62.0 petit nombre heureusement sont morts. Le dévouement de nos

382.0 1744.0 1271.0 57.0 mèdecins et de leurs auxiliaires est admirable ; civils ou mili-

384.0 1801.0 1275.0 62.0 taires, c’est à qui risquera sa vie pour aller, sans gloire, re

384.0 1872.0 1158.0 61.0 lever des blessés sous les feux croisés des alliés et des

382.0 1935.0 1275.0 66.0 ennemis, ou bien s’usera dans un service intense, de jour et de
