1768 2197
881.0 128.0 132.0 78.0 - 13 -

344.0 302.0 1262.0 58.0 le travail de nos pères heureusement nous a léguées, toutes ces

346.0 369.0 1317.0 57.0 routes qui s’entrecoisent, grandes et petites mais toutes meilleu-

344.0 441.0 1297.0 56.0 res et mieux entretenues les unes que les autres avant la guerre,

342.0 503.0 1299.0 66.0 nationales, départementales, vicinales, les plus petites surtout,

340.0 571.0 1286.0 62.0 soignées comme les allées d'un parc, je vois de temps en temps,-

342.0 631.0 1284.0 61.0 pas souvent,- le long des haies, au bord des champs, des enfants

344.0 708.0 1299.0 51.0 qui regardent passer mon auto. Pâles, chétifs, peu couverts, ils

338.0 767.0 1321.0 64.0 devraient trembler sous la pluie et la première bise de l’automne;

337.0 834.0 1205.0 66.0 non, ils méditent, attentifs, - habitués, résolus déjà à tout

337.0 902.0 1258.0 64.0 supporter ; ils seraient non moins résolus à tout entreprendre,

337.0 963.0 1275.0 69.0 si on leur en donnait les moyens dont la guerre les aura privés,

335.0 1039.0 1302.0 52.0 sans qu’ils s’en doutent ! Avec quel serrement de coeur je passe

335.0 1094.0 769.0 66.0 rapide devant leur activité sacrifiée.

690.0 1168.0 958.0 64.0 Je ne rêve pas, je sers mon pays en l’observant

333.0 1235.0 1273.0 63.0 après cette guerre, comme je l’ai servi, avant pour la prévenir,

294.0 1294.0 1325.0 66.0 ££ant pour la repousser. Mais j’ai peine parfois, je l’avoue, à

331.0 1360.0 1305.0 64.0 ne pas me décourager. Je reviens donc où j'en était de ce voyage

331.0 1431.0 1341.0 57.0 autour de mon département que j’entreprends comme Xavier de Maistre

331.0 1499.0 1270.0 64.0 accomplissait son "voyage autour de ma chambre"; je reviens au

331.0 1563.0 1341.0 68.0 Comice Agricole et à la fête de Mamers que j’étais appelé de longue

327.0 1629.0 1325.0 64.0 date à présider. Quelle réponse à mes velléités de découragement!

324.0 1693.0 1249.0 64.0 Malgré la pluie, le froid, je trouve la grande salle des fêtes

327.0 1766.0 1301.0 53.0 comble et un banquet de 50 couverts servi comme avant la guerre.

324.0 1825.0 1315.0 71.0 Bien plus, on m’apprend que le Concours Agricole, dans la matinée

324.0 1898.0 1266.0 71.0 a été une surprise: suspendu pendant cinq années, mal préparée

327.0 1969.0 1299.0 61.0 par une sécheresse persistante de plusieurs mois, on se demandait
