1739 2197
183.0 217.0 245.0 94.0 SÉNAT

756.0 155.0 308.0 77.0 LETTRE N° 530.

943.0 283.0 418.0 75.0 PARIS, 11 mai 1919

474.0 492.0 865.0 70.0 INSPECTION du BUREAU de la rue PIERRE-CURIE

555.0 624.0 976.0 77.0 TRUSTEE de la DOTAIION CARNEGIE

707.0 567.0 401.0 62.0 par M. Oscar STRAUS

844.0 862.0 341.0 71.0 Mon cher Butler,

357.0 1076.0 1262.0 81.0 l'inviter à passer l’inspection de notre/bureau; ce qu’il a fait

553.0 1021.0 1028.0 61.0 J'ai profité du séjour à Paris de M. O. STRAUS pour

357.0 1155.0 452.0 60.0 hier, samedi 10 mai. -

355.0 1287.0 1305.0 58.0 maintenu, comme si rien ne s’était passé, à Paris, sous le feu de

553.0 1212.0 1125.0 73.0 Après bientôt cinq ans de guerre, je serais fier d’avoir

357.0 1358.0 1275.0 57.0 l’ennemi et en dépit de suspicions et de difficultés nombreuses,

359.0 1418.0 1277.0 63.0 ce Bureau Européen de la DOTATION CARNEGIE pour la Paix Interna-

359.0 1482.0 1242.0 68.0 tionale; je serais fier, si j’étais capable d'être fier ; je ne

360.0 1548.0 1261.0 64.0 le suis pas, mais ma conscience est satisfaite. La vôtre aussi

359.0 1614.0 1306.0 63.0 l'eût été, si vous aviez été des nôtres ; et je ne veux pas croire

362.0 1684.0 1292.0 68.0 comme vous le craignez, que votre voyage de Paris ne puisse s’ef-

360.0 1753.0 393.0 65.0 fectuer avant 1921.

558.0 1812.0 1043.0 62.0 L'inspection de M. Straus, dont il vous donnera sans

357.0 1880.0 1261.0 64.0 doute le compte-rendu, a été suivie d’une réception que, malgré

199.0 1982.0 812.0 81.0 à Monsieur le Président N. Murray BUTLER

414.0 2026.0 168.0 68.0 NEW YORK
