1727 2197
774.0 113.0 116.0 64.0 - 3 -

261.0 201.0 1374.0 62.0 si le Pt. Wilson n’aurait pas gagné bien des sympathies par une atti-

261.0 274.0 1244.0 50.0 tude moins réservée, moins effacée dans la guerre actuelle. Je

258.0 338.0 1304.0 62.0 vous l'ai écrit déjà, sans penser à vos élections ; maintenant j'y

258.0 404.0 1337.0 53.0 reviens. La neutralité des Etats-Unis allait de soi, mais non l’in-

260.0 466.0 1245.0 63.0 différence, la prudence excessive, autrement dit la peur de se

260.0 541.0 1340.0 54.0 compromettre...... Cela, je le répète, en face d'un conflit qui met

260.0 596.0 1340.0 57.0 aux prises le droit d’une part et la violence sans scrupule d’autre

260.0 664.0 1360.0 62.0 part, c'était plutôt la neutralité de Ponce Pilate que la politique

260.0 730.0 1322.0 62.0 d'un grand pays. C'était juste ce qui convenait pour refroidir les

260.0 798.0 1335.0 64.0 enthousiasmes sans satisfaire les égoïsmes. Qu’un Gouvernement con-

260.0 860.0 1355.0 66.0 servateur ménage la ch èvre et le chou, vive au jour le jour, en évi-

261.0 931.0 1359.0 52.0 tant de se prononcer sur des principes, c’est tout naturel, mais non

260.0 1003.0 1373.0 46.0 un Gouvernement libéral, à plus forte raison un Gouvernement démocra-

260.0 1061.0 1375.0 61.0 tique. On gagne rien à laisser le champ libre aux perturbateurs, à €pu€

419.0 1034.0 62.0 48.0 ne

256.0 1127.0 1304.0 63.0 plus forte raison aux ennemis déclarés des garanties légales dont

256.0 1190.0 591.0 60.0 nous avons besoin pour vivre.

355.0 1255.0 1225.0 57.0 Le Pt. Roosevelt l'a très bien compris et c’est pourquoi il a

261.0 1321.0 1332.0 57.0 si vivement protesté contre la violation inadmissible de la neutra-

260.0 1382.0 1260.0 62.0 lité belge. Vous m'objecterez qu’il appuie sa protestation sur

261.0 1453.0 1352.0 61.0 "une grande marine" mais c’est ici que le Pt. Wilson devait et pou-

256.0 1526.0 1357.0 54.0 vait refuser de le suivre et bien marquer la profonde différence qui

260.0 1589.0 562.0 53.0 sépare les deux conceptions.

357.0 1647.0 1280.0 59.0 Un grand pays comme les Etats-Unis peut et doit protester contre

258.0 1713.0 1278.0 53.0 toute violation du droit des gens, sans être pour cela obligé de

260.0 1785.0 1316.0 51.0 déclarer la guerre aux Gouvernements coupables. Au contraire, loin

258.0 1843.0 1395.0 59.0 de fortifier votre protestation., votre grande marine lui aurait donné

254.0 1909.0 1375.0 62.0 un caractère dangereux, le caractère d’une menace. Je l'ai écrit dans
