1740 2197
846.0 170.0 115.0 62.0 - 6 -

342.0 331.0 1264.0 75.0 vous ai pas trompé quand j'ai voulu vous mettre en garde contre

540.0 265.0 1069.0 75.0 Attendons. Mais vous reconnaîtrez plus tard que je ne

342.0 400.0 1337.0 79.0 l’intoxication systématique de l’opinion par une association inter-

337.0 465.0 608.0 67.0 nationale de mauvais journaux.

608.0 728.0 692.0 75.0 LA RÉUNION de la rue PIERRE-CURIE.

333.0 893.0 1326.0 86.0 amis alliés pour convoquer rue Pierre-Curie notre première réunion

536.0 834.0 1125.0 68.0 J’ai naturellement profité de la présence à Paris de nos

333.0 959.0 1302.0 79.0 depuis la guerre. Nous avons eu là nos amis habituels, notre per-

318.0 1030.0 1271.0 81.0 sonnel, et parmi nos collaborateurs des professeurs André WEISS,

318.0 1093.0 1242.0 82.0 Charles RICHET, de LAPRADELLE. J'avais convoqué en outre Lord

335.0 1160.0 1276.0 90.0 WEARDALE €qui n'a pas€ et GIRETTI qui n'ont pu venir, à leur grand

329.0 1224.0 1260.0 86.0 regret; et aussi NIPPOLD bien que la réunion fût exclusivement

329.0 1294.0 1255.0 84.0 interalliée: NIPPOLD effet, c’est conduit mieux encore qu'un

324.0 1362.0 1236.0 80.0 allié, comme un ami ; nous avons saisi cette occasion pour l'en

324.0 1431.0 1242.0 79.0 remercier chaleureusement. Vous le verrez par le procès-verbal

320.0 1501.0 1269.0 79.0 ci-joint de notre réunion. J’ai par ailleurs, demandé, pour lui,

318.0 1559.0 1326.0 90.0 au Gouvernement, d’accord avec notre ambassadeur à Berne, la croix

316.0 1633.0 471.0 58.0 de la Légion d'Honneur.

516.0 1704.0 1046.0 79.0 Nous avons examiné notre projet de budget. La lettre

313.0 1759.0 1280.0 88.0 N° 462 que je vous avais écrite à ce sujet a été approuvée. Tout

311.0 1821.0 1322.0 99.0 d’abord, le conseil a été unanime à confirmer ce que j’avais pensé

311.0 1894.0 1256.0 90.0 et fait, quant à notre devoir d’aider les diverses associations
