1762 2197
842.0 206.0 103.0 79.0 - 3 -

344.0 340.0 1348.0 73.0 départements de la Sarthe que j’avais visités il y a quinze jour, -

342.0 419.0 1355.0 62.0 au cours du voyage dont je vous ai fait le récit plutôt anecdotique,

342.0 477.0 1289.0 72.0 se sont réunis en congrès ce même 10 octobre pour désigner leurs

342.0 549.0 1328.0 62.0 candidats éventuels aux élections législatives prochaines. Par une

342.0 606.0 1267.0 75.0 fâcheuse coïncidence, j'étais retenu ce jour-là au Sénat par la

342.0 686.0 1370.0 57.0 discussion du traité de paix ; mais j’ai pu réussir à me trouver quand

338.0 750.0 1308.0 61.0 même au MANS sans manquer mon tour de parole à PARIS. Bien m’en

340.0 820.0 1304.0 55.0 pris. Et maintenant vous connaîtrez l'épilogue de mon voyage dans

338.0 884.0 1378.0 60.0 la Sarthe. Mes amis nombreux ne se sont pas laissés démonter et XXX

1598.0 856.0 120.0 52.0 ils ont

338.0 941.0 1288.0 69.0 - non pas tranquillement, ce serait trop dire, - mais finalement

335.0 1008.0 1322.0 68.0 inscrit au nombre des cinq candidats à désigner sur notre liste du

333.0 1078.0 1304.0 64.0 parti républicain M. CAILLAUX, bien qu’il soit encore en prison !!

335.0 1144.0 1373.0 69.0 Son nom a obtenu l’unanimité des voix des délégués de son arrondisse-

329.0 1202.0 1367.0 74.0 ment de MAMERS, soit 20 voix, et un peu plus pour les autres arr/on-

327.0 1266.0 1352.0 76.0 dissements, - au total 160 voix sur 280 votants. Ce résultat a fait

327.0 1345.0 1326.0 62.0 sensation. M. CAILLAUX en profitera, je pense, pour souligner, une

331.0 1404.0 1388.0 71.0 fois de plus, aux yeux du pays, le scandale de sa détention prolongée.

326.0 1466.0 1395.0 79.0 J’avais bien raison de dire que ses accusateurs étaient les prisonniers

324.0 1534.0 1276.0 82.0 de leur prisonnier. Il ne les lâchera plus. Sa revanche arrive à

326.0 1609.0 236.0 60.0 grands pas.

558.0 1662.0 1138.0 80.0 J’aurai l'occasion de revenir sur ce sujet, car le Sénat

324.0 1731.0 1267.0 72.0 va tenir très prochainement sa première audience de Haute-Cour.

324.0 1796.0 1401.0 86.0 On sait déjà qu’il en profitera, non pas pour juger mais pour renvoyer

326.0 1860.0 1324.0 84.0 le procès après les élections, c’est à dire au printemps, à l'été
