1752 2197
701.0 159.0 288.0 75.0 LETTRE N° 494.

177.0 230.0 239.0 75.0 SÉNAT

1031.0 259.0 435.0 74.0 PARIS, le ££ Mars 1919

632.0 395.0 518.0 79.0 ETHNOGRAPHIE .

813.0 527.0 337.0 80.0 Mon cher Butler,

516.0 662.0 1109.0 70.0 A mesure qu’elle détruisait notre monde, la guerre nous

419.0 725.0 1263.0 75.0 l'a fait connaître. Elle a fait plus que la propagande la mieux

432.0 792.0 1155.0 68.0 organisée pour dissiper, en France tout au moins, ce qui

421.0 860.0 1217.0 70.0 restait encore, parmi les masses, de profonde ignorance de la

432.0 924.0 1202.0 71.0 géographie politique et surtout économique et de l'ethnogra-

430.0 992.0 1188.0 68.0 phie. On parle d’une crise du papier ; je suis littéralement

434.0 1058.0 1222.0 73.0 inondé de publications, la plupart intéressantes et nécessai-

428.0 1127.0 1188.0 64.0 res, répandues par les nationalités que la Conférence de la

412.0 1182.0 1217.0 73.0 paix met aux prises ; depuis les Yougo-slaves, les Tchéco-Slo-

428.0 1252.0 1186.0 69.0 vaques, les Italiens, les Grecs, les Albanais, les Arméniens,

427.0 1318.0 1191.0 75.0 les Syriens, les Egyptiens, les Bulgares jusqu’aux Polonais,

425.0 1387.0 1149.0 72.0 aux Roumains, aux Finlandais, sans oublier les îles Aland

428.0 1457.0 1201.0 64.0 et toutes les parties de la Russie d’hier, et la Sibérie, et

427.0 1519.0 1185.0 68.0 la Chine et le Japon et les îles du Pacifique, et les colo-

428.0 1583.0 1241.0 73.0 nies d'Afrique. d'Amérique, jusques et y compris cette vieille

427.0 1653.0 1222.0 73.0 Canaille de Roi de Monténégro. Quelques-unes de ces brochures

97.0 1796.0 800.0 86.0 à Monsieur le Président N. Murray BUTLER

326.0 1874.0 181.0 77.0 NEW YORK
