1745 2197
840.0 183.0 115.0 51.0 - 3 -

397.0 303.0 1269.0 68.0 lui présentait les réfugiés Belges et, devant son conseil muni-

386.0 380.0 1278.0 63.0 cipal réuni, XXX lui disait bien haut mais simplement ces nobles

380.0 433.0 220.0 75.0 paroles. "

545.0 510.0 1018.0 64.0 "Monsieur le Ministre, sans les Belges, ce sont les

380.0 573.0 573.0 69.0 Allemands qui seraient ici !!"

540.0 640.0 1153.0 66.0 En somme, les Américains ont réussi, quand même, à conser-

395.0 706.0 1205.0 57.0 ver, au mois de Mars 1910, quatre mois après l'armistice, la

382.0 778.0 1265.0 53.0 discipline parmi leurs hommes ; prenons-en acte, et rendons leur

380.0 842.0 1205.0 64.0 cette justice. Il a fallu, tout de même, de la méthode et de

380.0 909.0 1222.0 55.0 l’énergie pour arriver à ce résultat. De la méthode? je dirai

379.0 981.0 1219.0 57.0 plus: du soin, des soins qui devraient nous servir d’exemple.

532.0 1036.0 1064.0 64.0 C'est ainsi qu’à l’approche de chaque camp, je voyais

380.0 1100.0 1280.0 75.0 invariablement une baraque avec cette inscription en gros carac-

377.0 1164.0 864.0 75.0 tères, sur le bord de la route: PROPHYLAXIE.

529.0 1244.0 1087.0 63.0 Je me suis renseigné ; voici: La syphilis, je vous l'ai

373.0 1301.0 1240.0 62.0 dit, a fait des ravages dans nos armées et de là dans le pays.

371 1374 1278 61 On ne pouvait pas en parler pendant la guerre, naturellement, et

703 1354 86 42 ££

369.0 1437.0 1244.0 62.0 le mal ainsi s’est propagé d’autant mieux. Mais les Américains

368.0 1493.0 1279.0 85.0 dès longtemps, se préoccupaient du danger. Vous aviez réussi à le

366.0 1574.0 1258.0 64.0 prévenir ou à l'atténuer dans la marine où les hommes sont plus

366.0 1631.0 1311.0 77.0 facilement surveillés que dans l’armée. Mais en pays d’occupation,

379.0 1708.0 1243.0 62.0 comment surveiller vos troupes ? Vous y êtes arrivés, par votre

362.0 1770.0 1333.0 64.0 organisation sanitaire,: remarquablement me dit un médecin français:

375.0 1841.0 1327.0 81.0 comme y sont arrivés les Italiens chez eux, comme nous n’y arrivons

379.0 1894.0 86.0 75.0 pas.

514.0 1964.0 176.0 70.0 Comment?
