1745 2197
291.0 111.0 234.0 68.0 COPIE

917.0 126.0 582.0 88.0 Bruxelles, 9 Square Vergote,

1179.0 201.0 243.0 80.0 6 Aout 1914

657.0 351.0 384.0 51.0 Mon bien cher ami,

362.0 516.0 1300.0 57.0 et de toutes nos espérances ! Et pourtant, au milieu de la terri-

565.0 466.0 1084.0 66.0 Quel effondrement, en apparence de toutes nos idées

366.0 549.0 1159.0 55.0 fiante calamité qui nous tient tous haletants, je ne puis

364.0 585.0 1201.0 55.0 m’empêcher de penser au jour où le cauchemar sanglant pren-

366.0 622.0 1181.0 48.0 dra fin. Quel triomphe alors pour nos aspirations les plus

368.0 653.0 1193.0 57.0 hautes ! Car je ne puis croire à la défaite des peuples qui

364.0 690.0 970.0 56.0 défendent la liberté, la démocratie et le droit.

364.0 789.0 1219.0 51.0 pauvre petit pays, si heureux, si paisible, si joyeux de vi-

562.0 754.0 988.0 49.0 Mais quelle infamie que cette attaque contre mon

369.0 820.0 1227.0 51.0 vre ! rLe voilà impliqué, lui aussi, dans l'horrible aventure,

368.0 858.0 1237.0 50.0 dans cette lutte géante pour la justice et l'indépendance des

369.0 891.0 1117.0 51.0 Peuples. Mais à quel prix va-t-il paver son audace ! La

366.0 924.0 1161.0 55.0 dureté impitoyable des troupes Allemandes dépasse tout ce

368.0 955.0 1221.0 51.0 que l'on peut imaginer. C'est de la rage sauvage. Ils sont

371.0 986.0 1236.0 61.0 furieux de se voir arrêtés par notre infime armée, et se dou-

369.0 1023.0 1139.0 53.0 tent que du Sud et de l'Ouest des forces imposantes vont

368.0 1054.0 1177.0 59.0 pouvoir arriver. Par quel sort affreux faut-il que ce soit

375.0 1093.0 1170.0 49.0 toujours sur notre territoire ou dans son voisinage que se

371.0 1127.0 1015.0 50.0 sont réglés les conflits qui ont divisé l’Europe?

368.0 1230.0 1219.0 51.0 de passer m'ont fait perdre tout le bénéfice de la cure pro-

569.0 1182.0 1000.0 66.0 Les émotions violentes par lesquelles nous venons

375.0 1268.0 571.0 59.0 longée que j'ai faite à Spa.

368.0 1462.0 1199.0 48.0 C'est le massacre le plus épouvantable que l'on puisse ima-

571.0 1418.0 890.0 59.0 Des nouvelles terribles m’arrivent de Liège.

371.0 1493.0 1156.0 57.0 giner. Le sang coule à flot et la ville est menacée d'un

373.0 1528.0 1137.0 53.0 bombardement pour cette nuit. Se sont réfugiés chez moi

371.0 1565.0 1196.0 47.0 ma belle-mère, qui assiste, à 23 ans, à la ruine de ses en-

373.0 1592.0 1194.0 55.0 fants ; les usines de mes beaux-frères, à Chaudfontaine, ont

373.0 1631.0 1216.0 47.0 été complètement détruites par l'artillerie Allemande. Trois

369.0 1666.0 1240.0 49.0 niéces sont également ici, ainsi que mon beau-frère de Russie

373.0 1697.0 1196.0 47.0 incapable de retourner a Tsaretzune. Impossible de toucher

369.0 1733.0 1218.0 52.0 une somme quelconque dans les banques. Otlet a ses deux fils

371.0 1764.0 1216.0 46.0 dans la bagarre, mon personnel de l'office central est obli-

373.0 1797.0 1177.0 55.0 gé de marcher. C'est la désorganisation compléte et toutes

373.0 1834.0 626.0 62.0 les souffrances qui vont venir.

908.0 2057.0 284.0 61.0 H. LAFONTAINE
