1748 2197
775.0 86.0 122.0 67.0 - 2 -

588.0 188.0 714.0 55.0 à Monsieur le Dr. du New York Times.

773.0 259.0 533.0 50.0 Créans, le 3 octobre 1914.

480.0 316.0 1174.0 57.0 " Le monde peut mesurer maintenant ce que lui coûte le mi-

375.0 391.0 1178.0 50.0 litarisme prussien la paix ne peut plus être rétablie que

370.0 452.0 1282.0 66.0 par la guerre à outrance. Le Gouvernement de domination qui n'a

371.0 516.0 1243.0 57.0 pas craint de déchaîner cette guerre en sera la premi ère vic-

377.0 587.0 1112.0 57.0 time ; chaque jour aggrave la condamnation qui l'attend.

472.0 655.0 1123.0 60.0 Le militarisme prussien a manqué son coup ; il est resté

375.0 714.0 1237.0 73.0 sourd à tous les appels de la raison ; il a violé tous ses en-

375.0 789.0 1220.0 60.0 gagement££, tous les droits ; il a commis tous les crimes, il a

375.0 851.0 1286.0 57.0 fait tout le mal possible, mais il n’a réussi qu’à exalter l'in

375.0 928.0 1253.0 53.0 dignation générale et l’héroïsme de ses adversaires ; il a uni

377.0 994.0 1253.0 58.0 comme par miracle, tous les Français, tous les peuples civili-

375.0 1052.0 1237.0 64.0 sés dans une commune volonté de tout sacrifier pour l'abattre

373.0 1127.0 1259.0 48.0 il a déshonoré la guerre et même la paix qu’il a trahie. Aucun

375.0 1191.0 1275.0 61.0 Gouvernement ne pourra traiter avec lui, sa parole et en signa-

375.0 1257.0 1200.0 55.0 ture n’existant plus. Il ne lui reste qu’à disparaître sous

373.0 1320.0 554.0 60.0 la malédiction universelle.

470.0 1384.0 1171.0 66.0 Les plus pacifiques des Français, des Anglais, des Russes

371.0 1455.0 1237.0 51.0 des Belges, tous ceux qui, de bonne foi, ont fait leur devoir

371.0 1515.0 1257.0 66.0 en essayant de prévenir la guerre Européenne, tous aujourd'hui

375.0 1578.0 1219.0 62.0 se refusent à conclure avec le militarisme prussien une paix

373.0 1660.0 1272.0 51.0 qui ne serait qu’une trève menteuse. La guerre actuelle ne peut

373.0 1717.0 1254.0 62.0 se terminer par un semblant de paix elle finira par l'écrase-

371.0 1777.0 1254.0 73.0 ment de la domination allemande ou elle sera toujours à recom-

373.0 1845.0 174.0 60.0 mencer. "
