1745 2197
236.0 153.0 221.0 83.0 COPIE

875.0 140.0 642.0 79.0 Weardale Manor, August 13, 1914

756.0 395.0 274.0 86.0 Mon cher ami,

558.0 530.0 1024.0 92.0 Je n'ai pas répondu à votre lettre si intéressante

362.0 604.0 1203.0 80.0 du 3 Août parce que j’espérais pouvoir vous dire des choses

362.0 675.0 1234.0 75.0 plus consolantes que je ne suis en état de vous communiquer.

360.0 741.0 1227.0 79.0 M. Lange a quitté Bruxelles et va transférer, pour le moment

364.0 811.0 1197.0 78.0 le Centre de l'Union dans un pays neutre, à Christiania, où

368.0 886.0 1157.0 69.0 il est d’abord auprè s de sa famille, et en correspondance

364.0 948.0 1223.0 71.0 avec tous les pays, ce qui, en ce moment, est fort difficile

366.0 1021.0 1140.0 68.0 car même la Hollande qui, pour un instant, nous semblait

366.0 1080.0 1280.0 80.0 peut être mieux placée que la Norvège, est menacée d’une incur-

369.0 1151.0 1161.0 66.0 sion allemande. M. Lange a quitté Bruxelles lundi soir et

368.0 1221.0 1197.0 69.0 vient de partir de chez nous pour prendre le bateau de New-

369.0 1290.0 339.0 66.0 castle à Bergen.

571.0 1351.0 1036.0 75.0 Il nous dit que l'attitude des Belges est admirable

368.0 1415.0 1164.0 73.0 Bruxelles tout à fait tranquille, et tout le monde décidé

368.0 1488.0 1140.0 71.0 à résister jusqu’au dernier homme. Je puis dire la même

371.0 1552.0 1139.0 70.0 chose de chez nous, où tout marche silencieusement, sans

369.0 1618.0 1244.0 73.0 la moindre panique, mais avec la même résolulion absolue dans

371.0 1693.0 335.0 55.0 tous les coeurs.

192.0 1781.0 718.0 82.0 Monsieur d’Estournelles de Constant
