1740 2197
703.0 91.0 124.0 68.0 - 3 -

362.0 188.0 1240.0 68.0 leur vie a venger sa mort ! comment elle-même, sans nouvelles

364.0 269.0 1258.0 58.0 de son fils, combattant aux avant-postes, peut-elle vivre sans

366.0 325.0 1275.0 75.0 faire à chaque seconde le voeu qu’il tue plûtot que d'être tué?

562.0 395.0 972.0 68.0 Encore une fois, pour ce qui concerne la France,

362.0 461.0 1178.0 68.0 nos premiers revers n'ont fait qu’exalter le sentiment na-

360.0 536.0 1240.0 55.0 tional, fortifier la résolution unanime de vaincre ou de mou-

362.0 595.0 1257.0 62.0 rir. Il est essentiel qu'on sache bien cela aux Etats-Unis et

362.0 657.0 1182.0 62.0 qu'on s’en inspire si on veut intervenir sans froisser les

362.0 735.0 1258.0 59.0 plus nobles scrupules. Nous aurions perdu moins de monde peut-

362.0 796.0 1242.0 62.0 être et nous aurions eu plus de force si nous avions gaspillé

362.0 862.0 1260.0 69.0 moins d’argent en cuirassés et si nous avions concentré, comme

368.0 930.0 1273.0 67.0 je l'ai toujours demandé, nos ressources sur la préparation mi-

364.0 995.0 1136.0 65.0 litaire, avec moins d'hommes armés, plus de camps d’ins-

366.0 1067.0 1172.0 60.0 truction. La justesse de toute notre thèse d'éducation, là

362.0 1135.0 1236.0 49.0 comme ailleurs, là comme partout, se vérifie: c’est le syst è-

362.0 1193.0 1196.0 68.0 me de la domination militaire prussienne, avec sa contagion

364.0 1272.0 1212.0 62.0 qui a été le mal et qui doit disparaître, et ce système lui-

362.0 1329.0 1233.0 64.0 même est né de l’impérialisme Napoléonien. La lutte est tou-

364.0 1389.0 1207.0 75.0 jours et plus que jamais entre l’impérialisme et la liberté,

362.0 1464.0 553.0 62.0 entre la Force et le droit.

564.0 1532.0 1053.0 60.0 Puissiez-vous, aux Etats-Unis, vous en rendre compte

364.0 1600.0 1253.0 64.0 pour éviter de tomber, a votre tour, dans l’erreur Européenne.

377.0 1689.0 1174.0 64.0 C'est ce que j’avais voulu faire pénétrer partout dans ces

375.0 1764.0 1233.0 52.0 conférences que vous aviez si bien organisées, aux Etats-Unis

377.0 1827.0 1232.0 62.0 et ce que j’exposais dans mon livre, hélas! sacrifié ; certes

377.0 1894.0 1221.0 63.0 je suis loin de m’attarder à des préoccupations personnelles,

373.0 1966.0 1216.0 60.0 mais il m'eût été doux d’avoir pu servir au moins votre pays

377.0 2030.0 731.0 77.0 si j'ai été impuissant dans le mien.
