1759 2197
945.0 140.0 117.0 50.0 - 4 -

371.0 274.0 1206.0 62.0 ait été surpris, car je ne parlais pour personne ; je parlais

370.0 344.0 1268.0 62.0 pour l'acquit seulement de ma conscience et pour ne pas laisser

366.0 410.0 1228.0 53.0 passer sans protester, - tout en votant ue Traité qui finit la

368.0 477.0 786.0 63.0 guerre, à la déception de cette guerre.

661.0 536.0 933.0 66.0 C'est un signe des temps qu’à moins d'un an de

368.0 598.0 1222.0 73.0 l’armistice, on se mette à juger déjà, sinon les hommes, tout

364.0 670.0 649.0 67.0 au moins les faits de la guerre.

659.0 730.0 876.0 75.0 Bientôt viendra le tour des origines et des

366.0 800.0 1206.0 60.0 responsabilités. Et c’est alors qu'apparaîtra le devoir tel

368.0 865.0 1277.0 76.0 qu'il a fallu le remplir avant et pendant la guerre. Attendons.

958.0 974.0 584.0 73.0 Votre affectueusement dévoué,

855.0 1071.0 610.0 78.0 ££

221.0 1327.0 946.0 77.0 à Monsieur le Président Nicholas Murray BUTLER,

632.0 1402.0 216.0 75.0 NEW-YORK.

240.0 1601.0 152.0 57.0 Annexe.
