1774 2197
573.0 69.0 541.0 79.0 ££ ££ ££ ££

194.0 195.0 233.0 75.0 SÉNAT

859.0 159.0 310.0 93.0 LETTRE N° 569.

1084.0 333.0 471.0 67.0 CREANS, 3 Octobre 1919.

604.0 505.0 737.0 71.0 MON VOYAGE AUTOUR DE LA SARTHE.

1002.0 688.0 335.0 86.0 Mon cher Butler,

707.0 862.0 933.0 71.0 L'inconvénient de mes voya(g)es est que, loin de

309.0 930.0 1329.0 73.0 satisfaire, ils avivent ma curiosité ; ils renouvellent les sources

309.0 999.0 1212.0 64.0 de mon attachement à tout ce qui vit, et mon ambition d'être

307.0 1061.0 1325.0 63.0 utile. Pour être utiles, commençons par sentir et par comprendre;

311.0 1131.0 810.0 68.0 il est trop/commode de ne pas comprendre.

707.0 1197.0 929.0 68.0 Je comprends trop bien mon pays. Je viens d'y

309.0 1263.0 1327.0 64.0 faire un grand voyage qui, pour un Américain, serait une promenade

309.0 1329.0 1358.0 69.0 de quelques heures, car je n’ai vu que mon département de la Sarthe,

313.0 1406.0 1283.0 53.0 et encore pas tout entier. Grâce à l’excellente petite auto que

315.0 1464.0 1294.0 66.0 je me suis décidé à acheter à New-York et que c(h)acun ici m'envie,

311.0 1528.0 1285.0 68.0 je viens d'en faire le tour, intérieurement, avec tout autant de

309.0 1592.0 1248.0 70.0 méthode et de préparation que s’il s’était agi de "couvrir" le

309.0 1660.0 1327.0 60.0 continent américain comme jadis, en 1911, sous vos auspices et par

311.0 1737.0 1268.0 57.0 vos soins. Voyage de trois jours et trois nuits pour parcourir

311.0 1794.0 1265.0 69.0 500 Km, mais quel parcours ! Et quel pays ! J'étais seul avec

309.0 1856.0 1226.0 77.0 mon chauffeur, silencieux et réservé ; j'ai pu'savourer, sans

152.0 2059.0 942.0 61.0 à Monsieur le Président Nicholas Murray BUTLER
