1737 2197
764.0 73.0 817.0 78.0 Clermont-Créans (Sarthe) le 18 Septembre.

1467.0 122.0 95.0 55.0 1914

687.0 355.0 104.0 73.0 N° 5

544.0 476.0 335.0 80.0 Mon cher Butler,

569.0 574.0 964.0 77.0 Je reçois régulièrement ici votre courrier de/s

371.0 642.0 1281.0 77.0 Etats-Unis, celui d'Angleterre, de Suisse, de Russie et la plu-

371.0 717.0 1261.0 70.0 part des pays autres que l’Allemagne et l'Autriche isolées ma-

379.0 779.0 1193.0 83.0 tériellement autant que moralement du reste de l'Europe. Je

375.0 844.0 1180.0 82.0 vous remercie pour vos journaux illustrés trés appréciés à

379.0 913.0 1178.0 81.0 Créans, de même que vos "cuttings", si j’avais pu avoir en

377.0 988.0 1240.0 75.0 double ou même en triple exemplaire le compte rendu homérique

375.0 1047.0 1250.0 75.0 de votre expédition des Argonautes sur le "Principe di Udine "

379.0 1114.0 1227.0 83.0 j'en aurais fait plusieurs heureux ; je l’ai confié à Ruyssen,

377.0 1182.0 1222.0 81.0 avec prière de le résumer pour la "paix par le Droit", comme

379.0 1255.0 738.0 66.0 un document historique de la guerre.

579.0 1316.0 982.0 73.0 Les opérations militaires se poursuivent dans le

384.0 1380.0 1178.0 79.0 sens que vous faisaient prévoir mes précédentes lettres et

382.0 1451.0 1199.0 79.0 en dépit de toute apparence contraire. La violence a manqué

384.0 1521.0 1199.0 73.0 son coup ; elle aura beau redoubler de rage, elle remportera

382.0 1578.0 1239.0 82.0 peut-être encore d'inutiles victoires, mais elle ne peut plus

386.0 1658.0 1219.0 66.0 faire que du mal : malheureusement elle en peut faire et elle

386.0 1726.0 1200.0 60.0 en fait encore beaucoup ; elle ravage la France comme elle a

386.0 1785.0 1219.0 78.0 ravagé la Belgique systématiquement. Il fallait s’y attendre

388.0 1850.0 1257.0 79.0 l'orgueil d’un Empire ne se laisse pas abattre sans une lutte

386.0 1922.0 1200.0 71.0 acharnée ; le Gouvernement Allemand dispose des forces vives

388.0 1995.0 1178.0 68.0 d'un peuple jeune et en pleine croissance. Un jour viendra
