1768 2197
906.0 129.0 127.0 61.0 - 23 -

326.0 247.0 1321.0 73.0 craint tant le risque, sauf le risque de son sang. On le croirait

346.0 305.0 68.0 52.0 ££

327.0 331.0 1281.0 60.0 time et jouisseur, et, tout à coup, une émotion noble en fait un

324.0 393.0 1264.0 64.0 saint ou un héros. On croirait qu’il ne pense qu’à lui et il se

324.0 459.0 1297.0 59.0 donne tout entier. Ce qui fait la supériorité de son dévouement,

324.0 530.0 394.0 61.0 c’est le sacrifice.

676.0 783.0 950.0 73.0 Je me suis attardé à parler de ce déjeuner; je

318.0 851.0 1252.0 71.0 ne me lasse pas de chercher comment le Français peut marier en

324.0 919.0 1266.0 64.0 lui si étroitement et pourtant sans confusion, et l'idéal et la

320.0 990.0 1306.0 64.0 matière. Et je me demande de plus en plus si la grande faiblesse,

324.0 1056.0 1242.0 58.0 qui fait la juste impopularité des vertus trop rigides , n'est

322.0 1124.0 1240.0 62.0 pas d'ignorer la complexité des sources de l’activité humaine.

324.0 1184.0 1321.0 73.0 L’exemple de la nature est pourtant assez décisif ; cet arbre n’est

322.0 1261.0 1140.0 55.0 couvert de fleurs que parce qu’il a le pied dans la boue.

674.0 1320.0 930.0 60.0 Mais arrêtons-nous. Je crains de vous scanda-

320.0 1384.0 1270.0 66.0 liser. Rassurez-vous, le déjeuner de Sceaux-s/Huisnes a été si

318.0 1461.0 1231.0 49.0 raisonnable, malgré ses raffinements, que je ne suis pas même

322.0 1519.0 1282.0 62.0 arrivé en retard à l'étape suivante, à La Ferté-Bernard, ou l'on

320.0 1585.0 1228.0 66.0 m'attendait. La Ferté-Bernard est, avec Nogent-le-Rotrou, la

318.0 1645.0 1325.0 68.0 capitale du pays du Perche, célèbre par l'élevage et l’exportation

318.0 1720.0 1307.0 65.0 de ses beaux chevaux. Les Américains les connaissent bien. J'ai

316.0 1790.0 1307.0 57.0 toujours vu des acheteurs venir des Etats-Unis à La Ferté-Bernard

318.0 1860.0 1239.0 55.0 et les populations m'ont su gré d’avoir dès longtemps compris,

294.0 1915.0 1301.0 73.0 comme elles, l’avenir des relations franco-américaines. Pendant
