1735 2197
785.0 115.0 112.0 58.0 - 5 -

230.0 208.0 1358.0 57.0 culture allemande ", de la culture humaine, se saisissent parfois de

230.0 278.0 1303.0 55.0 tout ce qu’ils trouvent dans la rue d’habitants, sans distinction

229.0 346.0 1359.0 54.0 d'âge ni de sexe, soit pour les pousser devant eux et s’en faire ces

229.0 406.0 1357.0 60.0 boucliers de chair humaine dont on a tant parlé, soit pour les emme-

225.0 476.0 1326.0 64.0 ner comme otages ou pour en faire des prisonniers. Tout cela varie

230.0 541.0 1358.0 55.0 selon la région, selon les chefs dont quelques uns heureusement font

230.0 615.0 1378.0 53.0 exception ; c’est ainsi qu’ils ont pris, dans le nord, un grand nombre

232.0 681.0 1378.0 53.0 de tout jeunes gens qu’ils envoient en Allemagne pour remplacer leurs

225.0 735.0 1324.0 61.0 ouvriers mobilisés, et que, du même coup, ils empêchent de grandir

227.0 807.0 1324.0 57.0 en France pour les combattre. A Lille ils ont enlevé par milliers

225.0 865.0 1398.0 76.0 des jeunes gens de 15, 16, 17 ans dans la population civile ; mes jeu-

225.0 937.0 1350.0 64.0 nes réfugiés de Créans avaient à grand peine réussi à leur échapper.

324.0 1008.0 1240.0 52.0 A Senlis ils ont naturellement trouvé moins de ressources ; ils

223.0 1072.0 1317.0 50.0 se sont bornés à faire prisonniers le maire de la ville et un cer-

227.0 1129.0 1280.0 62.0 tain nombre de notables ; pour faire un exemple mémorable ils ont

1408 1113 59 49 l'

227.0 1206.0 1315.0 51.0 contraint à assister, avant de mourir, à l’exécution de ses compa-

223.0 1265.0 1337.0 66.0 gnons ; au préalable ils lui avaient fait creuser sa fosse ; son tou-

223.0 1331.0 1354.0 67.0 venu, ils se sont amusés à l'y ensevelir les pieds en l'air, la tête

225.0 1398.0 170.0 59.0 au fond.

324.0 1466.0 1220.0 59.0 Trouvez-vous qu’il y ait grande différence entre ces infamies

225.0 1530.0 1357.0 62.0 et celles que nous avons voulu flétrir en publiant, il y a quelques

223.0 1596.0 1281.0 53.0 mois seulement, notre enquête sur les atrocités des deux guerres

223.0 1662.0 273.0 62.0 balkaniques ?

318.0 1726.0 1261.0 55.0 Non ; et maintenant voilà ces deux guerres qui vont être suivies

223.0 1790.0 1337.0 60.0 d!une troisi ème où le fanatisme musulman, prenant ses revanches en

225.0 1860.0 1297.0 60.0 Europe, en Afrique, en Asie, va surenchir sur toutes les horreurs

223.0 1926.0 1453.0 64.0 du passé et fournir au militarisme allemand un auxiliaire qui le complète
