1735 2197
839.0 117.0 99.0 58.0 - 2 -

368.0 248.0 1169.0 61.0 traduction et qu’il suffirait de faire commenter simplement

366.0 320.0 1097.0 62.0 par une des nombreuses Américaines, dont l'action s’est

366.0 393.0 1207.0 57.0 exercée XXX avec tant de courage et d’efficacité chez vous.

659.0 459.0 825.0 64.0 Voyez ce que vous en pensez et ce que vous

364.0 523.0 1158.0 50.0 croyez pouvoir faire. Je sais bien qu’aux Etats-Unis vous

366.0 591.0 1118.0 57.0 êtes arrivés au but dont nous essayons seulement de nous

366.0 657.0 1099.0 51.0 approcher, mais il faut bien dire que votre intérêt est

364.0 721.0 1248.0 57.0 d'accord avec le nôtre pour faire disparaître ou pour atténuer,

368.0 787.0 1132.0 55.0 en Europe, les ravages de l’alcoolisme, incompatible avec

370.0 851.0 1020.0 55.0 toute organisation sincère de la paix.

659.0 917.0 883.0 53.0 Pour vous donner un aperçu plus précis de la

368.0 977.0 1176.0 62.0 très habile mise en scène de cette propagande de Cauvin, je

368.0 1045.0 1189.0 68.0 vous envoie également ci-joint quelques exemplaires de l’an-

368.0 1111.0 1134.0 60.0 nonce de la conférence qu’il va faire demain, à Paris, et

370.0 1173.0 1172.0 75.0 que je préside, aux sociétés Savantes, sous le patronage de

370.0 1252.0 873.0 58.0 nos plus puissantes organisations ouvrières.

1049.0 1365.0 462.0 72.0 Affectueusement à vous,

1044.0 1464.0 291.0 103.0 ££

192.0 1631.0 927.0 77.0 à Monsieur le Président Nicholas Murray BUTLER,

611.0 1706.0 187.0 68.0 NEW-YORK.

197.0 1865.0 207.0 64.0 2 annexes.
