1749 2197
893.0 113.0 121.0 57.0 - 8 -

419.0 252.0 1108.0 62.0 présents sont unanimes à trouver que le Bureau Européen

417.0 320.0 1170.0 62.0 n'avait pas de/meilleure occasion de manifester sa vitalité

417.0 388.0 350.0 64.0 et son activité).

712.0 479.0 908.0 64.0 (. M. le Président fait un résumé des délibé-

417.0 554.0 1187.0 57.0 rations qui se sont poursuivies du 20 Janvier au 1° Février

417.0 620.0 1163.0 55.0 1919, au Boulevard St-Germain, entre les représentants des

417.0 684.0 1081.0 61.0 puissances alliées, Amérique, Grande-Bretagne, France,

417.0 754.0 1106.0 53.0 Roumanie, Serbie, Belgique, Italie, et qui ont abouti à

417.0 818.0 1088.0 49.0 l'élaboration d'un important plan commun de Société des

415.0 884.0 1149.0 58.0 Nations. Il donne lecture de la résolution unanime à la-

419.0 950.0 1205.0 58.0 quelle ont abouti ces travaux résolution demandée par M. le

417.0 1010.0 1128.0 62.0 Président du Conseil Clemenceau, à qui elle vient d'être

419.0 1087.0 1161.0 48.0 présentée, en même temps qu’aux autres chefs des Gouverne-

415.0 1142.0 275.0 66.0 ments alliés.

714.0 1202.0 901.0 77.0 Ce document reçoit l'approbation du Conseil).

415.0 1409.0 1114.0 66.0 M. LE PRÉSIDENT.- (se tournant alore vers M. O.Nippold,

415.0 1473.0 1106.0 68.0 poursuit en ces termes) "Nous tenons beaucoup, mon cher

417.0 1541.0 1139.0 57.0 Nippold, à voir figurer dans le procès-verbal ce que vous

417.0 1611.0 1125.0 51.0 avez fait en Suise, pendant la guerre, dans l'intérêt de

415.0 1675.0 1128.0 62.0 notre défense interalliée. Veuillez donc nous donner un

413.0 1739.0 1041.0 62.0 aperdu de votre action pendant ces dernières années.

410.0 1834.0 1230.0 73.0 M. le Prof. O.NIPPOLD.- Permettez-moi d'abord, Monsieur le
