<?xml version="1.0" encoding="UTF-8"?>
<alto xmlns:xsi="http://www.w3.org/2001/XMLSchema-instance"
      xmlns="http://www.loc.gov/standards/alto/ns-v4#"
      xsi:schemaLocation="http://www.loc.gov/standards/alto/ns-v4# http://www.loc.gov/standards/alto/v4/alto-4-2.xsd">
  <Description>
    <MeasurementUnit>pixel</MeasurementUnit>
    <sourceImageInformation>
      <fileName>FRAD072_12J381_lettre0003_006.jpg</fileName>
      
    </sourceImageInformation>
  </Description>
  
  <Layout>
    <Page WIDTH="1732"
          HEIGHT="2197"
          PHYSICAL_IMG_NR="24"
          ID="eSc_dummypage_">
      <PrintSpace HPOS="0"
                  VPOS="0"
                  WIDTH="1732"
                  HEIGHT="2197">
        

        
        <TextBlock ID="eSc_dummyblock_">
          
          
          <TextLine ID="eSc_line_b1b8cec2"
                    
                    BASELINE="754 120 878 117" 
                    HPOS="752.0"
                    VPOS="91.0"
                    WIDTH="126.0"
                    HEIGHT="49.0">
            <Shape><Polygon POINTS="754 120 754 139 876 140 878 117 873 91 752 91 754 120"/></Shape>
	    <String CONTENT="- 5 -"
                    HPOS="752.0"
                    VPOS="91.0"
                    WIDTH="126.0"
                    HEIGHT="49.0"></String>
          </TextLine>

          
          
          <TextLine ID="eSc_line_38990b41"
                    
                    BASELINE="377 212 1596 225" 
                    HPOS="375.0"
                    VPOS="173.0"
                    WIDTH="1221.0"
                    HEIGHT="77.0">
            <Shape><Polygon POINTS="375 232 1592 250 1596 225 1596 197 1572 186 1570 186 1569 186 1340 192 1248 194 1215 190 1166 183 1164 183 1162 183 1146 188 1133 192 902 192 889 183 884 179 882 179 880 179 878 179 838 183 768 188 736 181 725 177 723 177 721 177 653 179 422 184 378 173 377 212 375 232"/></Shape>
	    <String CONTENT="bien ou mal organisée, peu importe, et par sa masse toujours"
                    HPOS="375.0"
                    VPOS="173.0"
                    WIDTH="1221.0"
                    HEIGHT="77.0"></String>
          </TextLine>

          
          
          <TextLine ID="eSc_line_6f98a9b1"
                    
                    BASELINE="378 274 1629 289" 
                    HPOS="377.0"
                    VPOS="247.0"
                    WIDTH="1252.0"
                    HEIGHT="71.0">
            <Shape><Polygon POINTS="378 274 377 305 1113 305 1169 307 1318 316 1320 316 1455 309 1472 309 1477 309 1517 318 1519 318 1627 309 1629 289 1625 256 1473 263 1453 254 1450 252 1448 252 1446 252 1428 254 1356 261 1309 252 1294 250 1292 250 1259 252 1166 259 1151 252 1147 248 1146 248 1144 248 1142 248 1045 250 851 256 378 247 378 274"/></Shape>
	    <String CONTENT="croissante, viendra par derrière pousser les Allemands se cro-"
                    HPOS="377.0"
                    VPOS="247.0"
                    WIDTH="1252.0"
                    HEIGHT="71.0"></String>
          </TextLine>

          
          
          <TextLine ID="eSc_line_86c45f2c"
                    
                    BASELINE="375 346 1653 360" 
                    HPOS="373.0"
                    VPOS="316.0"
                    WIDTH="1280.0"
                    HEIGHT="75.0">
            <Shape><Polygon POINTS="375 346 373 362 534 380 536 380 617 371 660 380 662 380 664 380 686 369 693 367 834 367 845 373 867 384 869 384 871 384 957 377 997 373 1041 378 1100 386 1102 386 1190 382 1320 375 1332 384 1338 389 1340 389 1342 389 1343 391 1448 391 1448 389 1450 389 1455 388 1483 377 1514 389 1519 391 1521 391 1523 391 1534 389 1580 378 1649 391 1653 360 1653 333 375 316 375 346"/></Shape>
	    <String CONTENT="yant vainqueurs et les noyer dans les flots de sang qu’ils font"
                    HPOS="373.0"
                    VPOS="316.0"
                    WIDTH="1280.0"
                    HEIGHT="75.0"></String>
          </TextLine>

          
          
          <TextLine ID="eSc_line_d27a1731"
                    
                    BASELINE="377 410 534 410" 
                    HPOS="377.0"
                    VPOS="384.0"
                    WIDTH="157.0"
                    HEIGHT="55.0">
            <Shape><Polygon POINTS="377 410 377 439 534 432 534 410 534 386 377 384 377 410"/></Shape>
	    <String CONTENT="couler."
                    HPOS="377.0"
                    VPOS="384.0"
                    WIDTH="157.0"
                    HEIGHT="55.0"></String>
          </TextLine>

          
          
          <TextLine ID="eSc_line_985112c5"
                    
                    BASELINE="576 476 1591 487" 
                    HPOS="574.0"
                    VPOS="441.0"
                    WIDTH="1017.0"
                    HEIGHT="75.0">
            <Shape><Polygon POINTS="576 476 574 507 1415 507 1420 514 1422 514 1422 516 1424 516 1426 516 1428 516 1589 507 1591 487 1591 459 1570 452 1569 452 1567 452 1525 459 1517 461 1514 459 1493 450 1492 450 1490 450 1488 450 1462 459 1457 461 1440 459 1384 452 1382 452 1177 457 1124 457 1122 455 1114 450 1114 448 1113 448 1111 448 1109 448 1107 448 1091 455 1089 457 1089 455 1078 446 1078 444 1076 444 1074 444 1072 444 1001 455 994 455 985 455 913 443 911 443 783 454 765 454 761 452 728 441 726 441 725 441 576 450 576 476"/></Shape>
	    <String CONTENT="Châtiment atroce d’une guerre que nous aurons tout"
                    HPOS="574.0"
                    VPOS="441.0"
                    WIDTH="1017.0"
                    HEIGHT="75.0"></String>
          </TextLine>

          
          
          <TextLine ID="eSc_line_0a5ee0df"
                    
                    BASELINE="377 543 1552 556" 
                    HPOS="375.0"
                    VPOS="510.0"
                    WIDTH="1177.0"
                    HEIGHT="72.0">
            <Shape><Polygon POINTS="377 543 375 563 1548 582 1552 556 1550 521 1444 529 1406 519 1404 519 1402 519 1400 519 1391 519 1321 527 1314 519 1312 519 1312 518 1310 518 1309 518 1307 518 1244 519 1056 525 983 518 941 514 939 514 920 518 897 523 889 518 884 512 882 512 880 512 878 512 836 518 800 521 670 521 666 516 660 512 660 510 659 510 657 510 655 510 618 516 595 519 377 516 377 543"/></Shape>
	    <String CONTENT="fait, mes amis et les vôtres, pour empêcher, châtiment dont"
                    HPOS="375.0"
                    VPOS="510.0"
                    WIDTH="1177.0"
                    HEIGHT="72.0"></String>
          </TextLine>

          
          
          <TextLine ID="eSc_line_f5aacc67"
                    
                    BASELINE="375 609 1625 626" 
                    HPOS="373.0"
                    VPOS="576.0"
                    WIDTH="1252.0"
                    HEIGHT="77.0">
            <Shape><Polygon POINTS="375 609 373 637 1622 653 1625 626 1623 593 1492 600 1347 589 1345 589 518 589 375 576 375 609"/></Shape>
	    <String CONTENT="seront victimes au total un demi-million peut-être de Français"
                    HPOS="373.0"
                    VPOS="576.0"
                    WIDTH="1252.0"
                    HEIGHT="77.0"></String>
          </TextLine>

          
          
          <TextLine ID="eSc_line_056b3615"
                    
                    BASELINE="373 675 1587 692" 
                    HPOS="371.0"
                    VPOS="651.0"
                    WIDTH="1216.0"
                    HEIGHT="68.0">
            <Shape><Polygon POINTS="373 675 371 704 1583 719 1587 692 1585 660 373 651 373 675"/></Shape>
	    <String CONTENT="de Belges, d&#39;Anglais avec tout un peuple qui voulait la paix"
                    HPOS="371.0"
                    VPOS="651.0"
                    WIDTH="1216.0"
                    HEIGHT="68.0"></String>
          </TextLine>

          
          
          <TextLine ID="eSc_line_eb3b99ac"
                    
                    BASELINE="373 743 1550 757" 
                    HPOS="371.0"
                    VPOS="712.0"
                    WIDTH="1179.0"
                    HEIGHT="71.0">
            <Shape><Polygon POINTS="373 743 371 770 1547 783 1550 757 1548 734 1309 732 1303 730 1252 719 1250 719 1248 719 1246 719 1237 728 1217 719 1215 719 1213 719 1080 726 1076 726 1056 717 1054 717 1052 717 986 726 977 726 974 726 944 715 942 715 941 715 862 725 853 725 849 725 814 714 812 714 715 714 714 714 712 714 710 714 697 723 695 723 692 723 653 712 651 712 649 712 373 717 373 743"/></Shape>
	    <String CONTENT="comme nous-mêmes mais qui s’est laissé mal conduire par un"
                    HPOS="371.0"
                    VPOS="712.0"
                    WIDTH="1179.0"
                    HEIGHT="71.0"></String>
          </TextLine>

          
          
          <TextLine ID="eSc_line_131a4140"
                    
                    BASELINE="373 811 1622 825" 
                    HPOS="371.0"
                    VPOS="781.0"
                    WIDTH="1251.0"
                    HEIGHT="73.0">
            <Shape><Polygon POINTS="373 811 371 838 1618 854 1622 825 1618 792 1490 800 1468 790 1466 790 1464 790 1450 790 1155 796 373 781 373 811"/></Shape>
	    <String CONTENT="Gouvernement assez insensé pour avoir voulu concilier l’incon-"
                    HPOS="371.0"
                    VPOS="781.0"
                    WIDTH="1251.0"
                    HEIGHT="73.0"></String>
          </TextLine>

          
          
          <TextLine ID="eSc_line_b2d28820"
                    
                    BASELINE="373 878 1664 895" 
                    HPOS="371.0"
                    VPOS="849.0"
                    WIDTH="1293.0"
                    HEIGHT="68.0">
            <Shape><Polygon POINTS="373 878 371 898 397 909 399 909 400 909 655 904 803 915 805 917 1662 917 1664 895 1664 862 373 849 373 878"/></Shape>
	    <String CONTENT="ciliable ; le maintien de la paix et l’esprit de conquête. Puisse"
                    HPOS="371.0"
                    VPOS="849.0"
                    WIDTH="1293.0"
                    HEIGHT="68.0"></String>
          </TextLine>

          
          
          <TextLine ID="eSc_line_9e1daf26"
                    
                    BASELINE="368 946 1623 963" 
                    HPOS="366.0"
                    VPOS="915.0"
                    WIDTH="1257.0"
                    HEIGHT="66.0">
            <Shape><Polygon POINTS="368 946 366 964 1620 981 1623 963 1623 933 368 915 368 946"/></Shape>
	    <String CONTENT="du moins ce châtiment ouvrir, comme on le dit, une ère de paix"
                    HPOS="366.0"
                    VPOS="915.0"
                    WIDTH="1257.0"
                    HEIGHT="66.0"></String>
          </TextLine>

          
          
          <TextLine ID="eSc_line_1bd4cc6b"
                    
                    BASELINE="366 1014 1660 1030" 
                    HPOS="366.0"
                    VPOS="984.0"
                    WIDTH="1294.0"
                    HEIGHT="76.0">
            <Shape><Polygon POINTS="366 1014 366 1043 640 1038 730 1049 737 1049 739 1049 741 1049 763 1039 792 1049 796 1050 798 1050 800 1050 820 1050 909 1043 946 1050 955 1052 957 1052 975 1052 1071 1043 1082 1052 1082 1054 1083 1054 1085 1054 1087 1054 1107 1052 1201 1045 1270 1056 1281 1056 1283 1056 1299 1056 1402 1049 1418 1058 1420 1058 1422 1058 1424 1058 1453 1058 1633 1050 1655 1060 1660 1030 1658 995 1536 1003 1517 994 1515 994 1514 994 1506 994 1376 1001 1138 990 1080 988 1078 988 1047 990 941 995 366 984 366 1014"/></Shape>
	    <String CONTENT="nouvelle! Hélas, comment l’espérer quand on voit la bête humaine"
                    HPOS="366.0"
                    VPOS="984.0"
                    WIDTH="1294.0"
                    HEIGHT="76.0"></String>
          </TextLine>

          
          
          <TextLine ID="eSc_line_fc375d16"
                    
                    BASELINE="369 1082 1565 1093" 
                    HPOS="368.0"
                    VPOS="1049.0"
                    WIDTH="1197.0"
                    HEIGHT="71.0">
            <Shape><Polygon POINTS="369 1082 368 1100 389 1111 391 1111 393 1111 525 1103 529 1103 530 1103 567 1113 569 1113 571 1113 708 1105 737 1105 1561 1120 1565 1093 1563 1065 369 1049 369 1082"/></Shape>
	    <String CONTENT="se réveiller dans un délire de fureur et nous échapper pour"
                    HPOS="368.0"
                    VPOS="1049.0"
                    WIDTH="1197.0"
                    HEIGHT="71.0"></String>
          </TextLine>

          
          
          <TextLine ID="eSc_line_f04c882d"
                    
                    BASELINE="366 1144 1259 1155" 
                    HPOS="364.0"
                    VPOS="1116.0"
                    WIDTH="895.0"
                    HEIGHT="68.0">
            <Shape><Polygon POINTS="366 1144 364 1166 834 1180 836 1180 952 1173 957 1173 979 1182 981 1182 983 1182 1093 1175 1105 1184 1107 1184 1109 1184 1111 1184 1257 1175 1259 1155 1259 1129 366 1116 366 1144"/></Shape>
	    <String CONTENT="détruire les chefs-d’œuvre du génie humain!"
                    HPOS="364.0"
                    VPOS="1116.0"
                    WIDTH="895.0"
                    HEIGHT="68.0"></String>
          </TextLine>

          
          
          <TextLine ID="eSc_line_57a31be3"
                    
                    BASELINE="563 1213 1640 1230" 
                    HPOS="562.0"
                    VPOS="1180.0"
                    WIDTH="1078.0"
                    HEIGHT="77.0">
            <Shape><Polygon POINTS="563 1213 562 1237 706 1237 710 1237 723 1246 725 1246 726 1246 728 1246 871 1241 906 1239 909 1241 919 1248 920 1248 922 1248 924 1248 995 1241 1008 1241 1012 1241 1039 1252 1041 1252 1043 1252 1093 1243 1096 1243 1102 1243 1180 1254 1182 1254 1307 1246 1334 1255 1336 1255 1338 1255 1340 1255 1363 1246 1420 1257 1422 1257 1638 1248 1640 1230 1636 1204 1539 1204 1532 1202 1512 1193 1510 1193 1508 1193 1407 1201 1393 1201 1391 1201 1378 1191 1376 1191 1374 1191 1373 1191 1133 1197 1078 1197 1072 1195 1043 1186 1041 1186 1039 1186 1038 1186 1006 1195 1005 1195 1003 1195 990 1186 988 1186 986 1186 985 1186 983 1186 953 1193 948 1195 941 1193 904 1186 902 1186 737 1191 706 1191 703 1191 686 1180 684 1180 682 1180 681 1180 563 1188 563 1213"/></Shape>
	    <String CONTENT="Nous n’en continuerons que plus obstinément, mon cher"
                    HPOS="562.0"
                    VPOS="1180.0"
                    WIDTH="1078.0"
                    HEIGHT="77.0"></String>
          </TextLine>

          
          
          <TextLine ID="eSc_line_b939bdb5"
                    
                    BASELINE="362 1277 1580 1292" 
                    HPOS="360.0"
                    VPOS="1248.0"
                    WIDTH="1220.0"
                    HEIGHT="64.0">
            <Shape><Polygon POINTS="362 1277 360 1301 1576 1312 1580 1292 1580 1266 1550 1257 1548 1257 1547 1257 1429 1265 1428 1265 1426 1265 1374 1255 1373 1255 1299 1263 1296 1263 1290 1263 1226 1254 1224 1254 1155 1261 1144 1261 1120 1259 970 1250 968 1250 871 1255 834 1257 362 1248 362 1277"/></Shape>
	    <String CONTENT="Keppel, avec notre cher Président Butler et nos innombrables"
                    HPOS="360.0"
                    VPOS="1248.0"
                    WIDTH="1220.0"
                    HEIGHT="64.0"></String>
          </TextLine>

          
          
          <TextLine ID="eSc_line_192b2060"
                    
                    BASELINE="362 1343 1627 1360" 
                    HPOS="360.0"
                    VPOS="1316.0"
                    WIDTH="1267.0"
                    HEIGHT="71.0">
            <Shape><Polygon POINTS="362 1343 360 1367 368 1373 369 1373 371 1373 373 1373 476 1365 519 1374 521 1374 725 1369 746 1369 752 1369 787 1378 789 1378 790 1378 972 1374 1061 1373 1087 1376 1120 1382 1122 1382 1162 1378 1201 1374 1210 1380 1215 1384 1217 1384 1219 1384 1623 1387 1627 1360 1627 1332 362 1316 362 1343"/></Shape>
	    <String CONTENT="amis, notre œuvre d&#39;éducation dont on ne comprendra que mieux,"
                    HPOS="360.0"
                    VPOS="1316.0"
                    WIDTH="1267.0"
                    HEIGHT="71.0"></String>
          </TextLine>

          
          
          <TextLine ID="eSc_line_b9fde8c4"
                    
                    BASELINE="364 1411 1634 1429" 
                    HPOS="362.0"
                    VPOS="1376.0"
                    WIDTH="1272.0"
                    HEIGHT="90.0">
            <Shape><Polygon POINTS="364 1411 362 1440 457 1439 470 1444 488 1453 490 1453 617 1455 618 1455 620 1455 622 1455 633 1446 638 1442 681 1442 688 1446 699 1455 701 1455 703 1455 704 1455 776 1446 801 1444 822 1448 882 1459 884 1459 952 1448 959 1448 963 1448 995 1461 997 1461 999 1462 1140 1462 1140 1461 1142 1461 1160 1451 1252 1464 1254 1464 1312 1451 1316 1451 1321 1451 1426 1464 1428 1464 1493 1453 1495 1453 1497 1453 1530 1466 1532 1466 1534 1466 1633 1453 1634 1429 1633 1398 1127 1398 1113 1393 1094 1385 1093 1385 1091 1385 1014 1391 985 1393 974 1391 944 1384 942 1384 941 1384 902 1389 882 1393 856 1389 800 1382 798 1382 796 1382 776 1389 767 1391 494 1389 485 1385 443 1376 441 1376 364 1384 364 1411"/></Shape>
	    <String CONTENT="après cette effroyable guerre, toute la grandeur et le bienfait"
                    HPOS="362.0"
                    VPOS="1376.0"
                    WIDTH="1272.0"
                    HEIGHT="90.0"></String>
          </TextLine>

          
        </TextBlock>
        
      </PrintSpace>
    </Page>
  </Layout>
</alto>
