1741 2197
859.0 148.0 308.0 77.0 LETTRE N° 536.

192.0 243.0 240.0 73.0 SÉNAT

1216.0 272.0 394.0 90.0 PARIS, 13 Mai 1919.

689.0 415.0 593.0 72.0 LA JEUNESSE DES ÉTATS-UNIS.

606.0 487.0 751.0 75.0 UN JOURNAL AMÉRICAIN PUBLIE AU MANS .

996.0 684.0 330.0 62.0 Mon cher Butler,

696.0 847.0 854.0 59.0 La jeunesse de votre année est pour moi un

401.0 900.0 1147.0 75.0 charme, comme la jeunesse de votre pays. Ce n’est pas le

401.0 970.0 1242.0 79.0 Président Wilson seulement qui mérite d'être accusé dédaigneu-

401.0 1047.0 1164.0 64.0 sement de " noble candeur", c’est tout votre peuple ; c’est

397.0 1113.0 1250.0 67.0 chaque soldat, chaque officer. Cette candeur vous la cultivez,

401.0 1179.0 1220.0 65.0 vous l’entretenez comme les gens bien équilibrés s’appliquent

394.0 1233.0 1273.0 76.0 à conserver leur jeunesse. Vous pratiquez, comme des principes,

395.0 1303.0 1206.0 70.0 la propreté, la variété, la gaieté, les jeux, les sports, la

394.0 1378.0 1220.0 61.0 vie en plein air, et dans une large mesure, dans la coéduca-

394.0 1444.0 1257.0 70.0 tion, par exemple, la lutte contre l'alcoolisme et les maladies

392.0 1515.0 1136.0 61.0 de toutes sorts, y compris les maladies dites honteuses,

390.0 1570.0 216.0 57.0 la pureté.

685.0 1647.0 896.0 62.0 Cela ne vous empêche pas d’avoir vos défauts,

388.0 1699.0 1224.0 75.0 c'est entendu, mais tout de même vous travaillez à développer

388.0 1775.0 1145.0 68.0 vos qualités, vos forces, votre santé, votre bonté ; c’est

386.0 1829.0 194.0 73.0 beaucoup.

146.0 1997.0 937.0 77.0 Monsieur le Président Nicholas Murray BUTLER.
