1738 2197
761 95 149 62 - 2 -

304 188 1331 77 Mais cette occupation ne se prolongera pas au delà d'une semaine ou

305 254 1352 73 deux, et nous ferons tout pour l'abréger autant que possible. D'ail-

305 322 1348 71 leurs j'ai pu m'assurer par moi-même que chaque service- celui de l'

305 399 1337 62 Association et celui du Centre Européen - est situé dans des pièces

307 459 1376 68 distinctes et que les deux personnels, dont le bon accord est parfait,

307 527 898 66 font leur besogne sans se gêner mutuellement.

624 593 1018 64 Ceci m'amène à vous demander, mon cher Président si

302 653 1340 62 vous pourriez assister à la prochaine réunion du Comité exécutif de

304 725 1371 65 notre Association, que nous placerions à une date pouvant vous conve-

302 787 963 69 nir et qui aurait à régler la question suivante:

304 920 1388 70 à notre disposition n'ira pas sans des dépenses de premier aménagement

620 854 1059 70 L'occupation du local que vous avez bien voulu mettre

307 990 1300 59 Même en les réduisant au minimum, il faut bien prévoir de ce chef

300 1050 573 70 une dépense de 2.000 francs.

620 1105 1057 72 Pour le téléphone, (car il est nécessaire, pour qu'il

307 1186 1366 62 n'y ait pas empiètement, que le Bureau de l'Association Française ait

305 1252 1383 68 sa ligne à lui ) il faudra acquérir l'appareil téléphonique et le fair

307 1321 1376 59 poser, dépense qu'on peut évaluer à ........................ 200 frs.

619 1384 1073 71 L'éclairage électrique, même aussi simplifié que possi

305 1461 1381 62 ble, reviendra à un millier de francs ..................... 10000 frs.

617 1514 945 64 Le chauffage central étant très insuffisant, il

304 1583 1239 61 y aura lieu de prévoir des moyens de chauffage supplémentaires

305 1651 1378 60 par le gaz, soit une dépense approximative de ............. 300 frs.

619 1713 924 66 Enfin le lessivage des peintures, le remplace-

302 1777 1252 68 ment du papier à certaines places, le blanchiment des plafonds,

304 1847 1380 71 etc..., coûtera probablement ............................ 500 frs.

1302 1953 384 73 TOTAL :. 2.000 frs.
