1768 2197
945.0 155.0 84.0 53.0 - 7 -

331.0 302.0 1303.0 71.0 guerre et faire son Devoir, comme les autres, jusqu’au bout. Tout

329.0 378.0 1285.0 61.0 cela entremêlé des tendres soins qu'elle prenait de sa précieuse

329.0 444.0 1246.0 68.0 petite compagne, l'enfant dont elle s'occupait toute seule, et

331.0 510.0 1305.0 74.0 qui ne la quittait ni jour ni nuit. J'écoutais, je regardais, je

329.0 576.0 1305.0 72.0 pensais. Le lendemain, quand je pris congé, je ne pus m’empêcher

329.0 646.0 1288.0 55.0 de dire ; "je plaignais votre pauvre mari, mais maintenant seule-

327.0 714.0 1287.0 65.0 ment je mesure ce qu'il a perdu. Vous êtes une vraie Française.

331.0 772.0 1264.0 62.0 Et ce sont des Françaises comme vous qui, depuis des siècles, à

333.0 844.0 1240.0 54.0 travers les pires sacrifices, ont sauvé la vie de notre pays".

703.0 908.0 933.0 66.0 La pluie battante et glacée ne m'a pas empêché

331.0 979.0 1184.0 55.0 d'arriver le Dimanche matin au Comice Agricole du canton de

333.0 1045.0 1303.0 62.0 St-Paterne, où ma présence était d'autant plus attendue des popu-

333.0 1105.0 1301.0 63.0 lations que le Préfet craignait de se compromettre en y assistant

333.0 1175.0 1244.0 60.0 et refusait même de s'y faire représenter ; - parce que là nous

338.0 1246.0 1299.0 61.0 étions dans l'arrondissement de M. Caillaux, - et que, si M. Cail-

335.0 1310.0 1264.0 64.0 laux n'est toujours pas jugé, il n’en est pas moins toujours en

348.0 1369.0 1211.0 64.0 (p)rison et présumé coupable par le Gouvernement qui l'y a fait

335.0 1439.0 1262.0 67.0 mettre. Voyez, entre mille, les petits effets de cette réclu-

337.0 1510.0 1282.0 64.0 sion de M. Caillaux ; le pays qui l’a élu est mis à l'index; ses

333.0 1572.0 1303.0 59.0 Comices Agricoles ignorés du Gouvernement : quiconque ose trouver

335.0 1638.0 1302.0 64.0 que le procès se fait bien attendre est mal noté ; et je ne parle

335.0 1706.0 1301.0 62.0 pas de la façon dont furent traités pendant la guerre les soldats

331.0 1775.0 1262.0 61.0 natifs de l’arrondissement de Mamers, ceux qu'il fallait punir,

333.0 1836.0 1284.0 68.0 sinon supprimer : les électeurs à Caillaux ! Une fanfare de cors

326.0 1905.0 1291.0 63.0 de chasse accueillit ma descente de voiture ; je visitai rapide-

333.0 1973.0 1145.0 55.0 ment, sous des parapluies, l'exposition des bestiaux, peu
