1745 2197
921.0 133.0 139.0 57.0 - 15 -

408.0 256.0 1166.0 68.0 Suisse des résultats plus encourageants ; votre propagande

410.0 338.0 1203.0 51.0 y a trouvé plus d'écho. Voulez-vous nous dire de quelle ma-

408.0 393.0 533.0 68.0 nière elle s'est exercée ?

406.0 492.0 320.0 68.0 M. O. NIPPOLD,-

882.0 492.0 711.0 60.0 En Suisse, en effet, les progrès de

413.0 565.0 1196.0 59.0 l'opinion sont plus marqués. Malheureusement, nous n’avions

411.0 637.0 1238.0 53.0 que bien peu de moyens d’action à notre service. Nous n’avons

410.0 704.0 1199.0 55.0 presque rien pu faire par la presse ; le papier était hors de

404.0 763.0 1130.0 60.0 prix, et surtout la bienveillance du Gouvernement nous a

406.0 825.0 1165.0 62.0 fait défaut, de sorte que nous n’avons jamais eu la presse

406.0 895.0 1172.0 60.0 avec nous. Aussi ai-je le droit de conclure que l'opinion-

408.0 963.0 1188.0 56.0 en Suisse, telle qu’elle s'exprime par la voie des journaux,

408.0 1030.0 1135.0 57.0 diffère essentiellement de la véritable opinion publique.

408.0 1087.0 1241.0 68.0 Si on s'en tenait à l’examen des journaux, on ne verrait pres-

410.0 1158.0 1215.0 63.0 que pas de progrès, et cependant, je puis affirmer que l'opi-

404.0 1222.0 1183.0 55.0 nion générale de la Suisse allemande est aujourd'hui sensi-

404.0 1294.0 1086.0 57.0 blement la même que celle de la Suisse romande. Si on

404.0 1362.0 1121.0 55.0 compare la situation présente avec celle qui existait au

402.0 1424.0 1183.0 62.0 début de la guerre, on ne peut nier qu’il y ait progrès, et

397.0 1488.0 318.0 53.0 grands progrès.

397.0 1580.0 361.0 80.0 M. le PRÉSIDENT.-

875.0 1594.0 727.0 57.0 remercie M. le professeur NIPPOLD de

399.0 1651.0 1186.0 64.0 son intéressante communication, XX écoutée avec beaucoup de

399.0 1719.0 807.0 64.0 sympathie par tous les membres présents.

692.0 1880.0 924.0 77.0 M. le Président donne alors lecture de l'ordre
