1753 2197
710.0 87.0 123.0 57.0 - 7 -

370.0 181.0 1223.0 66.0 mais sans aller jusqu’à se livrer à des manifestations mys-

368.0 254.0 1247.0 64.0 tiques ou chevaleresques qui cependant auraient exercé sur le

370.0 327.0 1197.0 55.0 monde une puissante action morale, il a quand même une pré-

370.0 386.0 1280.0 66.0 caution essentielle à prendre pour la sauvegarde des Etats-Unis

371.0 463.0 1222.0 64.0 S'il attend en spectateur passif l'issue de la lutte du bien

368.0 525.0 1221.0 68.0 et du mal et si c’est le plus gros canon qui l’emporte, quel

366.0 593.0 1205.0 60.0 sera demain le sort de votre pays, de la civilisation? Vous

364.0 655.0 1288.0 71.0 aurez laissé triompher la violence ; il faudra donc vous décidez

362.0 734.0 1229.0 55.0 pour ne pas être, à votre tour, le plus faible, à devenir le

366.0 803.0 1244.0 61.0 plus fort ; et alors c'est la politique du Président Roosevelt

368.0 864.0 1221.0 60.0 celle de Lord Roberts, celle de l’impérialisme universel qui

364.0 926.0 1227.0 73.0 devra s’opposer demain à celle du militarisme prussien vous

364.0 999.0 1035.0 62.0 aurez écrasé dans sa fleur l’avenir des Etats-Unis.

465.0 1065.0 1174.0 70.0 Quoi qu’il en soit, encouragé par la trop grande habileté,

362.0 1125.0 1317.0 77.0 ou par la circonspection, ou€pour€ par l’impuissance des neutres,

364.0 1199.0 1302.0 71.0 le militarisme prussien va s’enfoncer de plus en plus avant dans

364.0 1268.0 1242.0 57.0 son égarement; il n’est pas honteux, il est fier d’épouvanter

360.0 1331.0 1226.0 67.0 le monde ; il se croit respecté parce qu’il est naïf il prend

357.0 1402.0 1185.0 64.0 pour de l’admiration le salut qu’il impose aux populations

357.0 1470.0 1286.0 67.0 vaincues il arrache aux intellectuels allemands eux-mêmes leur

359.0 1534.0 1203.0 67.0 approbation de ses crimes ; il va donc continuer, sans autre

359.0 1600.0 1240.0 64.0 obstacle que la résistance matérielle de ses adversaires, son

359.0 1667.0 1208.0 68.0 oeuvre hideuse de profanation et de mensonge, anéantir tout

359.0 1739.0 1260.0 62.0 ce qui peut mettre en relief la supériorité de la civilisation

357.0 1797.0 1212.0 68.0 sur sa bassesse ; il faudra qu’il renverse tout à son niveau.

457.0 1863.0 1153.0 77.0 S'il devait du moins réussir, je comprendrais les politi-

355.0 1933.0 1293.0 75.0 ciens qui attendent d'où vient le vent, mais il ne réussira pas:

371.0 2004.0 1272.0 68.0 plus il tombera de haut plus son écrasement final est certain.
