1740 2197
750.0 93.0 123.0 53.0 - 3 -

355.0 173.0 1229.0 83.0 nisation , mais elle est devenue aussi une question de temps.

558.0 243.0 978.0 73.0 Tout ce temps qui passe aggrave la situation des

360.0 300.0 1215.0 80.0 armées allemandes décimées par la fatigue et par le feu: les

360.0 367.0 1257.0 92.0 voilà cernées entre la France qui les harcèle, et l'Angleterre

362.0 433.0 1257.0 90.0 qui chaque jour verse ses hommes et ses approvisionnements sur

364.0 501.0 1275.0 83.0 nos champs de bataille ; la Belgique, avide de juste revanche€é à€

366.0 567.0 1271.0 86.0 les attend, les guette. Les Russes eux-mêmes nous arrivent dit-

366.0 637.0 1234.0 88.0 on on ne sait comment, par mer, sur les paquebots anglais qui

368.0 708.0 1234.0 88.0 les amènent de l'Océan glacial, de Sibérie, d'Arkangel, et de

369.0 778.0 1178.0 78.0 l'Océan Pacifique, d'Extr ème orient, de Vladivostok où ils

373.0 842.0 1211.0 75.0 sont d’accord avec leurs adversaires d'hier, avec le Japon !

377.0 906.0 1150.0 80.0 Ce même Japon profite de la circonstance pour enlever aux

375.0 975.0 1214.0 81.0 Allemands leurs colonies d'Asie et d'Océanie, à l’exemple de

373.0 1039.0 1178.0 86.0 l’Angleterre qui leur prend celles de l'Afrique ; elle leur

375.0 1107.0 1233.0 79.0 prend aussi leurs paquebots !...... Qui l’aurait pensé? Voilà

379.0 1177.0 1216.0 80.0 ces transatlantiques superbes de Hambourg et de Brême, voila

379.0 1237.0 1295.0 83.0 cette flotte de commerce dont le pavillon se montrait sur toutes

379.0 1309.0 1276.0 71.0 les mers et que les cuirassés allemands avaient pour soi-disant

380.0 1374.0 1257.0 81.0 raison d'être protéger, les voilà qui servent à transporter en

380.0 1440.0 1275.0 85.0 France en Belgique quoi donc? des armées Russes ! Et non seule-

382.0 1506.0 1259.0 74.0 ment des armées Russes, mais des armées de l'Inde Anglaise, du

386.0 1580.0 1231.0 73.0 Cap, du Canada, d’Australie ; toute la tour de Babel mobilisée

390.0 1649.0 650.0 68.0 contre le militarisme allemand !

589.0 1704.0 1050.0 79.0 Si le drame était moins sanglant, si nous ne savions

388.0 1774.0 1174.0 76.0 pas nos villes incendiées, si nous n’apprenions pas chaque

391.0 1850.0 1189.0 63.0 jour indirectement la mort d'une foule de jeunes gens qu’il

393.0 1909.0 1227.0 79.0 faut pleurer, on dirait que ce dénouement du militarisme exé-

391.0 1984.0 1215.0 68.0 cré est d’une réconfortante moralité. Mais il/en restera pas

1269.0 1958.0 57.0 43.0 n'
