1769 2197
915.0 139.0 114.0 71.0 - 6 -

717.0 272.0 905.0 68.0 Il ne restait donc à Fresnay pour me recevoir

360.0 340.0 1222.0 70.0 qu’une toute jeune femme de 25 ans, et c'est en arrivant chez

360.0 397.0 1337.0 79.0 elle que je connus la situation. J'allais m'excuser, mais je m’ar-

360.0 472.0 1278.0 71.0 rêtais devant l'activité de la maison où les serviteurs nombreux

357.0 536.0 1302.0 68.0 rangeaient les voitures, les caisses, sortaient ou rentraient les

355.0 609.0 1338.0 66.0 chevaux ; je m’arrêtais devant le cordial accueil de la jeune veuve

355.0 671.0 1201.0 64.0 si heureuse de recevoir une visite amie. Et cependant je me

355.0 732.0 1282.0 73.0 demandais ce que serait pour elle, pour mol, la XXXXXXXXX soirée

357.0 811.0 1260.0 53.0 qui m'attendait en tête à tête avec cette personne si gracieuse

355.0 873.0 1287.0 62.0 dans cette maison vide. Et là encore je recus, en pleine figure,

355.0 939.0 1262.0 56.0 le démenti que méritait ma défiance d'ancien diplomate. Pendant

355.0 1001.0 1294.0 62.0 que mon chauffeur et les serviteurs se mettaient à table dans une

351.0 1067.0 1205.0 66.0 grande salle de cuisine,un élégant diner m’attendait dans la

351.0 1125.0 1264.0 77.0 salle à manger des maîtres. Trois couverts seulement, celui de

355.0 1199.0 1274.0 73.0 la jeune veuve, le mien et celui de sa petite fille de cinq ans,

353.0 1261.0 1280.0 70.0 née un mois après la mort de son père. Et alors cette conversa-

351.0 1332.0 1302.0 70.0 tion qui pouvait être contrainte fut si naturelle que je me trou-

349.0 1395.0 1299.0 67.0 vai confondu. La jeune femme, répondant à mes questions sur tout

347.0 1468.0 1275.0 60.0 ce qui s'était passé, me raconta très simplement et sans larmes

349.0 1523.0 1280.0 78.0 sans rien qui pût forcer la compassion, ses épreuves ; puis elle

346.0 1600.0 1261.0 66.0 me dit toutes les XXXXXXX difficultés de son grand commerce, si

346.0 1666.0 1263.0 65.0 grand pour une enfant presque, quand elle était obligée de rem-

349.0 1724.0 1244.0 73.0 placer son beau-père, son mari, ses voyageurs mêmes et de par-

347.0 1794.0 1280.0 60.0 courir, en toute saison, le pays, suivant l'habitude, pour aller

346.0 1861.0 1183.0 65.0 trouver les clients. Elle ajouta qu'elle (n)e se faisait pas

340.0 1918.0 1266.0 73.0 illusion, qu’il lui faudrait vendre sa maison, trop lourde pour

342.0 1995.0 1264.0 68.0 une femme seule, mais qu'elle avait voulu attendre la fin de la
