1751 2197
899.0 139.0 134.0 62.0 - 21 -

694.0 281.0 752.0 68.0 Le Conseil adopte la motion suivante:

522.0 424.0 926.0 52.0 "plus urgent l’heure actuelle serait la fon-

582.0 393.0 888.0 55.0 "Le Conseil réuni estime que ce qu'il y a de

525.0 459.0 865.0 49.0 "dation d'un journal de diffusion populaire

522.0 492.0 926.0 53.0 "pour faire contrepoids, dans tous les pays, à

520.0 529.0 489.0 49.0 "la presse de mensonge".

413.0 622.0 325.0 71.0 M. O. NIPPOLD.-

853.0 618.0 771.0 61.0 Permettez-moi de souligner tout parti-

417.0 692.0 1169.0 51.0 culièrement l’assentiment que j’apporte à ce projet. C'est

415.0 761.0 1136.0 55.0 là la première œuvre à entreprendre. Nous avons besoin

415.0 825.0 1191.0 62.0 d'un journal quotidien pour contre-balancer l'influence des

417.0 893.0 1147.0 53.0 journaux édités par Krupp et ses pareils. Que ce ne soit

417.0 963.0 1147.0 54.0 pas seulement un journal intellectuel, mais un journal de

415.0 1030.0 297.0 48.0 vulgarisation.

412.0 1118.0 1132.0 70.0 M. le Prof. Charles RICHET. - Pourvu, toutefois, comme

413.0 1184.0 1189.0 59.0 avait bien soin de le spécifier notre Président, qu’il soit

413.0 1248.0 1151.0 70.0 très bien rédigé, qu'on y parle de tout, des courses, des

413.0 1321.0 1160.0 59.0 cours de la Bourse, qu’il y ait des chroniques de la mode,

415.0 1385.0 1183.0 65.0 des théâtres, etc...etc... Moyennant cette condition, j'in-

413.0 1457.0 1129.0 57.0 siste, moi aussi, pour qu'il soit bien entendu que c’est

413.0 1521.0 1129.0 59.0 là le seul moyen d’agir, d'une manière efficace, sur une

413.0 1587.0 1147.0 58.0 opinion publique que des excitations malsaines conduisent

415.0 1658.0 552.0 57.0 à l'aberration et au crime.

408.0 1741.0 1172.0 71.0 M. le PRÉSIDENT.- Après avoir constaté qu’il y a eu sur

412.0 1814.0 1205.0 68.0 tous les points accord absolu entre les assistants, remercie

413.0 1885.0 1224.0 68.0 les membres présents de leur concours et lève la séance en se
