1721 2197
214.0 153.0 197.0 59.0 SENAT

844.0 146.0 783.0 70.0 Clermont Créans (Sarthe) le 13 Novembre

1532.0 190.0 91.0 58.0 1914

743.0 342.0 80.0 58.0 N° 9

563.0 443.0 334.0 64.0 Mon cher Butler,

303.0 538.0 1260.0 62.0 Les journaux français, si absorbés qu’ils soient par la guerre

208.0 609.0 1337.0 64.0 nous apportent cependant les résultats de vos élections générales à

210.0 677.0 1340.0 55.0 la Chambre des représentants de l'Union et, pour une part, au Sénat

208.0 743.0 1361.0 62.0 fédéral ainsi qu'à diverses fonctions électives des Etats-Unis. Vous

206.0 803.0 1416.0 62.0 m’aviez envoyé d’ailleurs, comme spécimen, un bulletin de vote, vérita-

208.0 875.0 1359.0 53.0 ble casse-tête où il faut vraiement que les électeurs soient fort é-

206.0 937.0 1392.0 62.0 clairés et patients pour se reconnaître. Nous avons renoncé chez nous,

206.0 1008.0 1381.0 50.0 avec raison, au système des élections différentes simultanées ; il y a

208.0 1072.0 1415.0 53.0 quelques années encore les électeurs en France avaient à nommer en même

208.0 1129.0 1430.0 62.0 temps leurs représentants au conseil Général et au Conseil d'Arrondisse-

203.0 1199.0 1455.0 60.0 ment. Il s'en est suivi de telles confusions qu'on a fini par séparer les

206.0 1263.0 1359.0 64.0 deux élections complétement ; c’est l’une ou l’autre, jamais l'une et

208.0 1338.0 1392.0 53.0 l'autre. Votre système, avec des législatures très courtes, a l'avan-

205.0 1402.0 1367.0 57.0 tage de vous éviter des élections trop fréquentes, mais, en revanche,

205.0 1466.0 1338.0 55.0 il est bien compliqué, inextricable. Que serait-ce si vous aviez la

205.0 1532.0 1365.0 57.0 représentation proportionnelle ! ! Enfin, voilà qui, pour l'instant,

203.0 1594.0 540.0 61.0 est insignifiant en Europe.

302.0 1656.0 1232.0 63.0 Ce qui m’intéresse c’est le résultat général de vos élections.

203.0 1722.0 1430.0 59.0 Votre lettre et vos cuttings confirme££ enti èrement ce que nous ont appris

203.0 1788.0 1393.0 64.0 les journaux, les démocrates ont perdu la grande avance qu'ils avaient

203.0 1860.0 1353.0 53.0 conquise. J'entends expliquer ce revirement par plusieurs causes ; 1°

199.0 1953.0 888.0 68.0 Monsieur le Président Nicholas Murray BUTLER

476.0 2015.0 172.0 75.0 NEW-YORK
