1768 2197
892.0 142.0 124.0 77.0 - 18 -

304.0 280.0 1310.0 64.0 d’accord; mais le déjeuner, où en est-il ? Le voilà, mettez-vous

305.0 347.0 1288.0 64.0 à table; nous dit notre hôtesse ; et alors la fête commence. La

309.0 415.0 1323.0 70.0 fête que vous ne soupçonnez pas ; celle qu’un étranger ne connaîtra

305.0 488.0 1309.0 64.0 jamais parce qu’il faut être Français pour savoir ce que nous en-

309.0 554.0 1332.0 59.0 tendons chez nous par faire bonne chère. An ; si Haskell, si Finch,

307.0 620.0 1305.0 61.0 si miss Jones étaient du voyage, oubliant la fièvre de vos préoc-

307.0 688.0 1244.0 57.0 cupations ; s’ils avaient pu faire, sans intimider mes amis, ce

305.0 752.0 1226.0 57.0 tour de la Sarthe avec moi, quels souvenirs pour eux, quelles

307.0 820.0 1323.0 55.0 révélations d'une sensibilité très fine dans le milieu qu'on pour-

305.0 878.0 1285.0 74.0 rait prendre, au premier abord, pour le plue rude. Mais il faut

309.0 944.0 1240.0 72.0 que je vous décrive ce déjeuner, type de tous les autres grâce

307.0 1019.0 1263.0 55.0 auxquels je reviens généralement de ces tournées plus vivant et

307.0 1091.0 570.0 53.0 plus confiant qu’auparavant.

663.0 1142.0 870.0 68.0 Et d'abord un verre de vin blanc ! Ce n’est

305.0 1215.0 1287.0 62.0 pourtant pas le pays ; demain, à Châtaigne, je serai à la source

305.0 1283.0 1246.0 62.0 même des meilleurs crus ; mais celui de Sceaux-s/Huisnes vient

307.0 1343.0 1277.0 63.0 des environs et il ne ressemble à rien de ce qu'on boit à Paris.

309.0 1417.0 1321.0 53.0 Il est clair, sec, pétillant, sentant la pierre, le sol, la racine

309.0 1490.0 1323.0 53.0 et non l’industrie des champagnes de restaurant. En même temps se

305.0 1545.0 1307.0 64.0 présentent les hors d’œuvre et, en première ligne, les rillettes

307.0 1607.0 1325.0 68.0 dont aucune espèce de récit ne vous permettra d’imaginer le parfum

309.0 1680.0 1323.0 57.0 et de savourer les surprises. Tout dépend du soin de la femme qui

307.0 1742.0 1264.0 66.0 a su choisir les meilleurs reliefs d’un porc frais et les faire

307.0 1807.0 1285.0 64.0 cuire, bien cuire, ni trop ni trop peu, puis refroidir, puis les

305.0 1874.0 1365.0 75.0 mettre en pot et les conserver le temps qu’il faut sous leur graisse
