1733 2197
910.0 161.0 117.0 62.0 - 11 -

351.0 320.0 1233.0 73.0 leur assurait la guerre. Je les trouverai successivement, et

351.0 395.0 1174.0 68.0 de plus en plus acharnés, à chacune de mes élections parce

351.0 457.0 1154.0 62.0 qu'ils savent qu’en dépit de l'impossibilité d’agir où la

353.0 518.0 1253.0 71.0 guerre m'a réduit jusqu’ici, je représente vraiment contre eux

351.0 598.0 1272.0 62.0 le sentiment du pays. Tant que je serai debout ils ne pourront

351.0 666.0 1116.0 60.0 pas être tranquilles. Mais je suis tellement sûr de ma

351.0 730.0 1251.0 57.0 conscience et d’avoir servi contre eux mon pays, que j'appelle

351.0 798.0 1290.0 56.0 de tous mes voeux leurs contradictions au de leur dissimulation,

1150.0 774.0 93.0 53.0 lieu

351.0 867.0 1215.0 63.0 de leurs pièges et de leur fuite. IN ARDUIS CONSTANS, telle

349.0 942.0 1015.0 57.0 a été, telle est, telle sera toujours la devise de

811.0 1025.0 584.0 66.0 Votre affectueusement dévoué

1102.0 1102.0 141.0 93.0 ££

192.0 1257.0 678.0 61.0 Ci-joint une intéressante note du

196.0 1301.0 708.0 55.0 Bureau, r/ésumant les résultats des

199.0 1340.0 207.0 56.0 élections.

210.0 1525.0 947.0 80.0 à Monsieur le Président Nicholas Murray BUTLER,

604.0 1590.0 202.0 88.0 NEW-YORK.
