1749 2197
195.0 119.0 372.0 64.0 Annexe à ma lettre

282.0 172.0 142.0 62.0 N° 473.

192.0 223.0 227.0 88.0 SÉNAT

1043.0 248.0 471.0 79.0 PARIS, 1° Février 1919

705.0 512.0 950.0 70.0 le Bureau Européen de la DOTATION CARNEGIE POUR

408.0 582.0 1152.0 71.0 LA PAIX INTERNATIONALE s’est réuni, pour la première fois

412.0 657.0 1232.0 57.0 depuis la déclaration de la guerre, le Samedi 1° Février 1919,

410.0 723.0 1166.0 53.0 à 3 heures de/l’après-midi, au siège social : 24 rue Pierre-

413.0 783.0 1222.0 62.0 Curie. Cette première séance d'études préparatoires réunis-

413.0 853.0 1182.0 56.0 sait quelques-uns des collaborateurs alliés du Bureau Euro-

412.0 920.0 1177.0 68.0 péen, sous la Président de M. d’ESTOURNELLES de CONSTANT .

415.0 984.0 346.0 68.0 Etaient présents:

686.0 1054.0 94.0 60.0 M.M.

884.0 1050.0 242.0 55.0 André WEISS

884.0 1122.0 300.0 60.0 Charles RICHET

884.0 1179.0 284.0 64.0 Justin GODART

884.0 1250.0 280.0 53.0 de LADRADELLE

886.0 1314.0 474.0 59.0 S. Ex. LOU TSENC TSIANG

886.0 1380.0 441.0 64.0 Professeur O. NIPPOLD

886.0 1446.0 363.0 66.0 Prof. Th. RUYSSEN

886.0 1515.0 280.0 57.0 Jacques DUMAS

412.0 1570.0 1086.0 64.0 J.J. PRUDHOMMEAUX et J.L. PUECH, Secrétaire Général et

410.0 1638.0 767.0 66.0 Secrétaire Adjoint du Bureau Européen.

705.0 1717.0 824.0 57.0 Le Président présente les excuses de M.M.

412.0 1772.0 1227.0 62.0 Ed. GIRETTI et Rt. Hon. Lord WEARDALE, empêchés, à leur grand

412.0 1841.0 1021.0 72.0 regret, de venir à Paris prendre part à la séance .

688.0 1909.0 848.0 57.0 Le Président souhaite la bienvenue à M. le

413.0 1984.0 1143.0 61.0 Professeur Nippold. Bien que notre réunion, dit-il, soit
