1746 2197
743.0 80.0 220.0 71.0 - 11 bis -

366.0 155.0 1266.0 57.0 dernier. Supposons la France même anéantie. Que restera-t-il de

366.0 225.0 1286.0 60.0 l'Allemagne ? rien, moins que rien, l'objet de l'exécration uni-

366.0 280.0 1213.0 75.0 verselle ; un fléau que l’Angleterre et la Russie inépuisable

370.0 357.0 1271.0 58.0 auront pour idéal et pour mission de faire disparaître, avec le

370.0 426.0 1189.0 53.0 concours tacite ou déclaré de tous les pays civilisés. S'il

370.0 483.0 1209.0 64.0 faut que la France, apr ès la Belgique, se sacrifie, elle est

368.0 547.0 1213.0 68.0 prête ; elle ne sera plus qu’une ruine, mais cette ruine sera

371.0 624.0 508.0 60.0 le tombeau des Allemands.

569.0 692.0 1103.0 53.0 Voilà où nous en sommes : l'Allemagne est jugée, condam-

366.0 750.0 1306.0 66.0 née, quoi qu’il arrive, et devant de devoir sacré de la résistan-

370.0 827.0 1198.0 64.0 ce française, pas un désaccord ne survient. Jeunes ou vieux,

368.0 887.0 1249.0 61.0 riches ou pauvres, socialistes ou conservateurs, tous, séparés

370.0 953.0 1214.0 64.0 hier, sont unis aujourd'hui pour repousser l’envahisseur. En

370.0 1019.0 1251.0 68.0 1870, un mois seulement apr ès la déclaration de la guerre tout

371.0 1087.0 1228.0 64.0 le monde en France criait: A la trahison! aujourd'hui la con-

371.0 1151.0 1252.0 61.0 fiance est partout ; quelle différence! Les Français n'ont plus

370.0 1219.0 1249.0 57.0 qu'une seule âme vouée a la défense commune. Toute force indi-

368.0 1290.0 1253.0 55.0 viduelle qui n’est pas consacrée à cette sainte cause est pour

368.0 1360.0 1269.0 55.0 nous une force perdue ; mon plus jeune fils ne pense qu’à devan-

371.0 1417.0 1193.0 65.0 cer le jour où son âge lui permettra de s’engager ; et quand

370.0 1492.0 1269.0 56.0 nous déplorons, plus que jamais la mort de son aîné, c’est pour

388.0 1550.0 1196.0 57.0 dire ce qu’écrivait hier ma femme "avec quel courage il eût

370.0 1618.0 1249.0 60.0 défendu sa patrie et donné sa vie pour elle ; que n'a-t-il péri

370.0 1688.0 1212.0 54.0 dans la bataille !" Vous voyez des enfants des femmes trouver

370.0 1753.0 1271.0 65.0 le moyen de servir ; des vieillards ranimés se lèvent pour avoir

371.0 1818.0 1206.0 60.0 la joie de €mourrir€ mourir debout ; mon collègue que vous avez

370.0 1882.0 1192.0 60.0 vu à Paris, assidu à nos séances du Groupe parlementaire de

373.0 1960.0 1230.0 52.0 l'arbitrage, le sénateur Emile Reymond, vice président de mon

371.0 2032.0 1067.0 56.0 groupe sénatorial de l’aviation, s’est fait porter, à
