1734 2197
728.0 69.0 117.0 66.0 - 3 -

525.0 170.0 1057.0 75.0 Cette indication d’Herriot est certainement insuffi-

305.0 245.0 1277.0 60.0 sante ; il est tr ès intelligent, tr ès actif, dévoué à nos idées,

305.0 314.0 1315.0 64.0 mais il est incapable de soutenir les hommes qui les soutiennent ;

309.0 375.0 1357.0 73.0 il sera le premier, apr ès nous avoir suggéré une initiative, à nous

307.0 448.0 1265.0 60.0 abandonner, le jour où elle rencontrera quelque obstacle. Mais

305.0 508.0 1344.0 68.0 Hanotaux lui-même n’en avait pas moins émis la même idée, au début

309.0 574.0 1305.0 74.0 de la guerre. Je n'ai rien répondu, rien dit, et je continuerai€s€

307.0 640.0 1340.0 75.0 à me taire ; mais si, apràs réflexion, il vous semblait qu'on puis-

311.0 719.0 1336.0 55.0 se tirer quelque chose de ce projet et, avec toutes sortes de pré-

313.0 776.0 1360.0 69.0 cautions indispensables, la réaliser dans une limite à étudier très

311.0 847.0 1340.0 70.0 rigoureusement , peit-être pourrions-nous songer à préparer le ter

311.0 915.0 1283.0 66.0 rain ? Il faudrait savoir d’abord si les Gouvernements Français

311.0 975.0 1274.0 68.0 et Belge l’envisageraient favorablement, comme il est probable;

313.0 1056.0 1344.0 64.0 cela fait, si les deux Gouvernements étaient d’accord, non pas seu-

311.0 1124.0 1364.0 51.0 lement pour autoriser mais pour désirer l’enquête, alors, et alors

314.0 1186.0 1361.0 57.0 seulement, sous ma direction plus ou moins déclarée, nous pourrions

311.0 1248.0 1283.0 70.0 organiser une mission dont malheureusement Godart ne ferait pas

311.0 1314.0 1336.0 66.0 partie mais où vous enverriez Dutton, Jordan et un troisi ème Amé-

313.0 1389.0 1303.0 61.0 ricain, choisi parmi les meilleurs, un Brookling par exemple, ou

313.0 1450.0 1300.0 67.0 un Keppel, qui parle français je me mettrais d’accord avec Her-

313.0 1521.0 1258.0 55.0 rick,- perle rare, - pour qu’il prenne au besoin sur lui l'ini-

316.0 1589.0 1278.0 56.0 tiative d'en parler à notre Ministre de la Guerre et pour qu'il

318.0 1653.0 1333.0 60.0 facilite, d’accord avec moi, la mise en train... Cela n’est peut-

318.0 1713.0 1315.0 70.0 être pas impossible si l’enquête peut rester limitée à une simple

316.0 1783.0 1278.0 64.0 visite des villes et villages incendiés et pillés, de Louvain à

316.0 1845.0 1319.0 73.0 Reims, à Lille, à Soissons et à toute notre région de l'Est. Dans

320.0 1918.0 1309.0 72.0 ces limites, l’enquête serait assez simple ; elle se compliquerait
