1749 2197
181.0 228.0 240.0 83.0 SÉNAT

697.0 172.0 306.0 67.0 LETTRE N° 495.

1020.0 263.0 452.0 86.0 PARIS, le 5 mars 1919.

543.0 443.0 588.0 102.0 LE MAJOR DOUGLAS W. JOHNSON.

827.0 644.0 332.0 57.0 Mon cher Butler,

336.0 829.0 1282.0 73.0 sympathique collègue le Professeur Douglas W. JOHNSON qui a fait

531.0 763.0 1084.0 71.0 Nous avons été heureux d’accueillir à la maison, votre

338.0 897.0 1262.0 62.0 l'objet de votre lettre du 13 Décembre dernier. Nous avons reçu

338.0 961.0 1299.0 71.0 de même M. FINCH, et l'avons trouvé très agréable. Nous recevrons

338.0 1028.0 1215.0 68.0 ces messieurs tous ensemble un de ces jours rue Pierre-Curie.

338.0 1083.0 1205.0 81.0 La difficulté est de trouver le temps nécessaire. Je préfère

338.0 1162.0 1299.0 62.0 d’ailleurs, en ce moment surtout, quand je le puis et dans la me-

320.0 1222.0 1269.0 76.0 sure où nous le pouvons, recevoir nos amis américains et autres,

340.0 1292.0 963.0 75.0 en famille, à la maison. Cela est indispensable.

912.0 1422.0 575.0 62.0 Votre affectueusement dévoué

1051.0 1504.0 340.0 83.0 ££

186.0 1647.0 808.0 75.0 à Monsieur le Président N. Murray BUTLER

426.0 1728.0 174.0 71.0 NEW YORK
