1738 2197
106.0 29.0 209.0 117.0 DUPLICATA

256.0 102.0 1377.0 81.0 ASSOCIATION FRANCAISE POUR LA SOCIETE

586.0 172.0 439.0 69.0 DES NATIONS

225.0 344.0 483.0 73.0 24, rue Pierre Curie, 24

318.0 388.0 176.0 47.0 PARIS Ve

1197.0 276.0 443.0 82.0 ££ ££ ££ ££ ££

1142.0 400.0 517.0 70.0 Paris, le 15 Octobre 1919.

862.0 518.0 634.0 71.0 à M. d'ESTOURNELLES DE CONSTANT

968.0 600.0 389.0 55.0 34ter, rue Molitor,

1049.0 567.0 178.0 49.0 Sénateur,

1034.0 633.0 301.0 46.0 PARIS XVIe

789.0 763.0 388.0 71.0 Mon cher Président,

298.0 915.0 1379.0 66.0 des Nations quitte le Boulevard Saint-Germain pour recevoir à nouveau,

609.0 851.0 1048.0 73.0 Au moment où l'Association Française pour la Société

300.0 984.0 1331.0 66.0 rue Pierre Curie, l’hospitalité de la Dotation Carnegie, je tiens à

300.0 1058.0 1377.0 53.0 vous adresser en son nom l’expression de sa vive gratitude. L'Associa-

300.0 1122.0 1386.0 68.0 tion, certes, aurait souhaité pouvoir conserver l’installation, à beau-

300.0 1184.0 1335.0 73.0 coup de points de vue excellente, qu’elle possédait Boulevard Saint

298.0 1248.0 1364.0 70.0 Germain et qui, d’ailleurs était pour une bonne part de votre oeuvre.

302.0 1321.0 1370.0 64.0 Mais vous savez combien ses ressources sont restreintes, et vous avez

298.0 1382.0 1386.0 64.0 tenu, avec l’assentiment de M. le Président BUTLER, à l'aider à sortir

296.0 1453.0 1357.0 68.0 de la crise où l’avait jetée la décision de nos collègues anglais et

298.0 1514.0 1315.0 71.0 américains, qui n’ont pas cru pouvoir prolonger au delà du premier

298.0 1587.0 1359.0 57.0 Janvier prochain leur participation à ses dépenses. Au nom du Comité

298.0 1649.0 1388.0 59.0 exécutif de l'Association je vous prie, mon cher Président, de recevoir

300.0 1711.0 1188.0 61.0 pour cette généreuse pensée nos bien sincères remerciements.

300.0 1847.0 1388.0 62.0 l'Association occuperont une partie, soit en état, le personnel de l’As-

615.0 1770.0 1020.0 69.0 En attendant que l’appartement dont les services de

298.0 1913.0 1372.0 64.0 sociation Française s’est installé, avec les dossiers et les quelques

296.0 1971.0 1370.0 70.0 petits meubles indispensables dans les bureaux actuels de la Dotation

300.0 2048.0 188.0 57.0 Carnegie.
