1745 2197
948.0 129.0 141.0 52.0 - 19 -

415.0 248.0 1145.0 61.0 l'attention de M. le Président Butler sur la nécessité de

417.0 320.0 1159.0 57.0 fonder un journal, -interallié d'abord, international plus

419.0 386.0 1179.0 55.0 tard,- de la société des Nations, conformément aux proposi-

417.0 455.0 1144.0 55.0 tions étudiées par notre commission de la Presse, dans la

417.0 523.0 1199.0 57.0 séance qu’elle a tenue à notre Bureau, avant la guerre. J'ai

419.0 585.0 1179.0 63.0 insisté sur le fait que cette fondation, déjà indispensable

415.0 649.0 1141.0 65.0 avant la guerre, devient chaque jour plus urgente et plus

415.0 723.0 1183.0 58.0 digne de la considération de M.M. les Trustees. De plus en

415.0 783.0 1161.0 70.0 plus, j'ai la conviction que c’est par ce moyen, et par ce

415.0 853.0 1207.0 58.0 moyen seul, que nous arriverons à toucher l'opinion publique.

415.0 922.0 1242.0 55.0 Il s'agirait d'un journal très bien fait, capable d’intéresser

415.0 981.0 1159.0 69.0 tous les publics et conçu dans l'esprit d'indépendance qui

413.0 1056.0 1233.0 60.0 a, par exemple, si bien réussi au "Christian Science Monitor".

706.0 1120.0 907.0 59.0 Nous nous devons à nous-mêmes de ne plus nous

413.0 1188.0 1180.0 56.0 intéresser à de vagues tentatives. Pour empêcher le renou-

411.0 1243.0 1182.0 66.0 vellement de ces quatre années d'horreur, il ne s'agit plus

410.0 1314.0 1183.0 59.0 de recourir à des demi - moyens ; il faut avoir le courage de

408.0 1384.0 1201.0 55.0 comprendre qu'un immense effort, seul, peut nous sauver ; cet

410.0 1442.0 1140.0 70.0 effort se traduirait par une dépense de quelques millions

408.0 1521.0 1097.0 55.0 de francs, mais le résultat visé en vaut bien la peine.

701.0 1585.0 820.0 57.0 Notre journal devrait être, bien entendu,

411.0 1649.0 1079.0 62.0 quotidien ; je suis persuadé qu’un quotidien seul, bien

406.0 1709.0 1183.0 68.0 rédigé, ne serait-ce que par les victimes sans nombre de la

404.0 1783.0 1185.0 64.0 guerre, toucherait l’opinion publique infiniment plus qu’un
