1757 2197
725.0 106.0 121.0 62.0 - 4 -

227.0 212.0 1361.0 62.0 taines et qui, par comparaison, n’étaient que de la camelote ; c’est

230.0 287.0 1356.0 57.0 ce qui explique que l'église, un bijou de l’architecture gothique et

229.0 349.0 1368.0 66.0 de la renaissance, que l'artillerie avait pourtant prise pour cible,

225.0 422.0 1359.0 55.0 n'a été heureusement qu’endommagée. Quand aux maisons, c’eet à main

229.0 488.0 1293.0 57.0 d’homme, comme on se servait jadis de la torche, qu’elles furent

229.0 558.0 1311.0 51.0 détruites ; le procédé est partout le même ; devant chacune d’elles

230.0 615.0 1312.0 66.0 des équipes de soldats se succédant s’arrêtaient ; ils enfonçaient

229.0 686.0 1275.0 55.0 les portes à coup de haches, entraient ou faisaient entrer ceux

225.0 752.0 1379.0 60.0 qui les suivaient ; ces derniers visitaient, choisissaient, prenaient

225.0 823.0 1328.0 52.0 déménageaient ; la visite faite, le butin pris, la maison souillée,

223.0 891.0 1374.0 50.0 on enduisait les murailles et les escaliers de je ne sais quels pro-

223.0 950.0 1336.0 60.0 duits chimiques, on jetait des grenades et cela flambait ; d’autres

229.0 1012.0 1390.0 70.0 équipes venaient ensuite, surveillaient, activaient le feu, versaient

225.0 1085.0 1343.0 57.0 du pétrole ; et ainsi de suite, d’une extrémité de la rue à l’autre,

225.0 1146.0 1334.0 69.0 de l'hôpital jusqu’à la gare. C'est à croire que l’armée allemande

221.0 1221.0 1374.0 58.0 pratiquait l’exercice de l'incendie aux grandes manoeuvres, en temps

223.0 1277.0 1004.0 61.0 de paix, tant il paraissait réguli èrement exécuté.

423.0 1351.0 1174.0 60.0 Quelques maisons, dans cette rue sinistre, pour une raison

225.0 1417.0 1350.0 56.0 ou pour une autre, ont été respectées avec autant de discipline que

227.0 1482.0 1385.0 65.0 les autres ont été brûlées, pour éviter des malentendus, des faction-

221.0 1547.0 1332.0 62.0 naires veillaient, ou bien on avait écrit en allemand sur la porte

223.0 1614.0 1403.0 64.0 ces mots dont vous voyez la photographie : "braves gens - à épargner !"

227.0 1684.0 1288.0 55.0 Ce qui veut dire, je le crains, en bon français ; "collaborateurs

223.0 1748.0 442.0 59.0 de l’armée allemande".

419.0 1812.0 1134.0 62.0 Mais la destruction des monuments n'est qu'un article du

219.0 1876.0 1330.0 64.0 programme. Pour terroriser la population civile et lui apprendre à

221.0 1949.0 1349.0 63.0 bien accueillir ses envahisseurs, les soi-disant défenseurs de " la
