1749 2197
901.0 115.0 131.0 79.0 - 12 -

421.0 261.0 1247.0 72.0 essayé de modifier le point de vue allemand. Y ai-je réussi ?

421.0 344.0 1143.0 55.0 J'ai bien peu d’espoir, et d’autres que moi y ont échoué.

421.0 402.0 1146.0 63.0 j'ai vu récemment, il y a 15 jours à peine, le Professeur

421.0 472.0 1241.0 62.0 FOERSTER et l'auteur de "J'ACCUSE" M. GRILLING, qui revenaient

421.0 541.0 1185.0 55.0 de Berlin. Ils sont entièrement découragés. Les Allemands

419.0 600.0 1051.0 64.0 n'ont pour ainsi dire pas changé de mentalité depuis

421.0 675.0 1221.0 50.0 qu’ils sont en République ; ils ne comprennent pas qu’ils ont

423.0 735.0 1184.0 54.0 des responsabilités ; la seule faute du militarisme, à leurs

419.0 801.0 1203.0 55.0 yeux, est de n'avoir pas été vainqueur ; le seul crime qu’il

421.0 867.0 1185.0 59.0 ait commis, c’est son échec ; et voilà le fond de la morale

421.0 937.0 1201.0 58.0 allemande. Le Professeur FOERSTER avait organisé une grande

419.0 1001.0 1124.0 57.0 conférence à Munich, dans laquelle il s'était efforcé de

419.0 1069.0 1203.0 60.0 démontrer à quels excès l'Allemagne s'était laissé entraîner

419.0 1135.0 1240.0 60.0 par son impérialisme et son militarisme. A l'issue de la con-

421.0 1201.0 1179.0 58.0 férence, il s’entretint avec quelques-uns de ses auditeurs.

419.0 1268.0 1234.0 55.0 Leur conclusion, à tous, fut la suivante ; Oui, c’est entendu,

423.0 1340.0 1201.0 49.0 vous nous dites maintenant que nous avons eu tort, parce que

419.0 1404.0 1179.0 46.0 nous sommes vaincus ; mais nous n'avons eu tort qu'en cela".

419.0 1466.0 1220.0 62.0 donc, bien loin de commencer à s’apercevoir qu'ils ont commis

415.0 1526.0 1207.0 63.0 une grande erreur et une lourde faute en attaquant la France

417.0 1601.0 1185.0 63.0 et la Belgique, ils ne veulent même pas avoir de discussion

417.0 1664.0 1201.0 58.0 à ce sujet. Je ne dis pas qu’il ne soit pas survenu quelque

417.0 1730.0 1181.0 53.0 changement dans la façon de voir de certaines personnalités

415.0 1799.0 1181.0 50.0 allemandes, mais il n'y en a certainement pas dans celle du

410.0 1861.0 280.0 65.0 grand public.
