1761 2197
885.0 151.0 135.0 65.0 - 17 -

335.0 278.0 1314.0 69.0 restera bleu jusqu’à la fin de mon voyage. J'arrive à Tuffé, chez

337.0 351.0 1277.0 66.0 le Maire, un cultivateur, dont la ferme, tout prè(s) du bourg, ouvre

333.0 419.0 1305.0 60.0 sur les champs. Après quoi, dans un paysage enchanteur, franchis-

331.0 481.0 1144.0 66.0 sant des ponts très anciens et les capricieux méandres de

335.0 549.0 1338.0 73.0 l'Huisnes, cachée dans les prés verts, sous les peupliers, j’arrive

333.0 615.0 1299.0 58.0 à la grande route du Mans à Chartres, à Sceaux-sur-Huisnes, où un

329.0 677.0 1221.0 66.0 déjeuner intime m’attend. Quel déjeuner ! Le spectacle d’une

329.0 754.0 1261.0 55.0 nature fraîche et riante, le grand air vif d'une matinée de fin

331.0 811.0 1279.0 62.0 Septembre, et aussi la joie des cœurs simples qui m'accueillent

328.0 878.0 1304.0 72.0 m'ont mis sans doute en appêtit. Suivant mon désir, on déjeunera

329.0 948.0 1311.0 66.0 en tête à tête pour pouvoir causer librement. ais, tout d’abord,

331.0 1008.0 1259.0 61.0 dans combien de temps le déjeuner ? Dans une petite heure! Le

329.0 1082.0 1283.0 56.0 couvert est mis ; la patronne est à la cuisine, elle-même avec sa

333.0 1149.0 1275.0 59.0 sœur, ancienne aubergiste retirée, mobilisée à mon service pour

331.0 1213.0 1316.0 57.0 la circonstance. Mon hôte est lui-même un éleveur de bétail, com-

329.0 1274.0 1281.0 66.0 merçant ancien boucher. Depuis la mort de son fils, sa femme et

328.0 1343.0 1244.0 61.0 lui se sont retirés des affaire, mais non pas du monde ; il se

329.0 1407.0 1300.0 61.0 prodigue au service de tous ses voisins, de tout le pays ; il est

326.0 1482.0 1281.0 50.0 Maire ; le cœur sur la main, il a su faire face aux difficultés

329.0 1536.0 1333.0 67.0 du ravitaillement, décider les bonnes femmes, sans les contraindre,

328.0 1603.0 1302.0 68.0 à nourrir nos armées ; mal recu par elles, plus d’une fois, quand

331.0 1673.0 1298.0 66.0 il découvrait dans leurs fermes et du bétail et du grain qu’elles

331.0 1730.0 1259.0 73.0 lui cachaient en quantité, mul ne lui en gardé rancune. Il est

329.0 1805.0 1234.0 58.0 populaire et c'est pourquoi il avait été élu, avant la guerre,

326.0 1874.0 1323.0 68.0 Conseiller Général de son canton. Nous causons ; nous sommes bien
