1791 2197
831.0 205.0 117.0 71.0 - 3 -

358.0 333.0 1334.0 69.0 dont vous connaissez la sage administration de rigoureuse économie,

357.0 406.0 1265.0 53.0 surtout pendant la guerre. En conséquence vous recevrez de deux

358.0 474.0 1160.0 51.0 sources distinctes le forfait de 2.000 francs en question.

357.0 525.0 1302.0 70.0 1.000 francs de la DOTATION CARNEGIE et 1.000 francs de la Conci-

360.0 606.0 1238.0 58.0 liation. Cela ne fera pas, pour vous, de différence ; pour moi,

360.0 677.0 1181.0 53.0 j'estime que la Conciliation doit tenir à honneur, comme la

358.0 739.0 513.0 53.0 DOTAT ION, de vous aider.

536.0 787.0 1141.0 71.0 Vous pourrez toucher dès aujourd'hui les deux versements,

357.0 878.0 1300.0 53.0 par anticipation, afin que cette affaire soit réglée sans retard.

360.0 931.0 1218.0 68.0 Ci-joint un chèque de 1.000 francs et une lettre de crédit de

358.0 994.0 317.0 75.0 pareille somme.
