1741 2197
733.0 75.0 113.0 62.0 - 6 -

379.0 168.0 1279.0 71.0 videntil que peut jouer votre pays. C’est ce que j'avais expo-

381.0 234.0 1261.0 79.0 sé, avec une passion réfléchie, dans mon livre, hélas! profané

383.0 302.0 896.0 75.0 et abandonné aux mains d’un éditeur sauvage.

579.0 443.0 1083.0 67.0 Nous sommes à Créans avec ma femme et sa petite fille

386.0 507.0 1237.0 60.0 et nos enfants ; nous avons réuni autour de nous ma soeur, Ma-

386.0 584.0 1257.0 60.0 dame de Saint-Gervais, dont vous connaissez, je crois, le fils

386.0 649.0 1201.0 59.0 ou le gendre, tous deux officiers dans l’Est, et ses petits

386.0 712.0 1199.0 55.0 enfants ; ma fille, Madame le Guillard, est ici également en

388.0 785.0 1310.0 57.0 convalescence ; son mari, simple soldat, est avec les autres, nous

384.0 844.0 1219.0 54.0 ne savons où : François était parti. Il est revenu pour quel-

386.0 909.0 1219.0 65.0 ques jours, à cause de son âge, qui, je l’espère, le tiendra

386.0 977.0 1259.0 61.0 éloigné de la frontière. Il est, avec moi hélas! le seul homme

386.0 1041.0 1219.0 61.0 qui reste à Créans. Je fais de mon mieux pour acquitter de

384.0 1113.0 1237.0 62.0 mes devoirs de sénateur de la Sarthe, notamment pour la gran-

386.0 1177.0 1201.0 64.0 de question du ravitaillement de l’armée et des populations

384.0 1241.0 1300.0 66.0 indigentes, après avoir assisté, à Paris, à la réunion vraiement

386.0 1316.0 1257.0 60.0 magnifique de notre Parlement et aux funérailles de notre mal-

386.0 1376.0 1278.0 68.0 heureux coll ègue et ami Jaurès. Voici les textes des paroles que

386.0 1451.0 1153.0 64.0 j’ai prononcées ; elles résument le sentiment de nos amis.

788.0 1508.0 619.0 64.0 Votre bien cordialement dévoué

925.0 1576.0 542.0 71.0 d'ESTOURNELLES DE CONSTANT

388.0 1671.0 1257.0 66.0 P.S. Ci-joint également quelques extraits d'une lettre du pau-

390.0 1720.0 1213.0 61.0 vre la Fontaine. -- Je reçois l’exemplaire anglais du Rapport

388.0 1752.0 394.0 64.0 des Balkans. Merci.
