1741 2197
883.0 120.0 97.0 55.0 - 2 -

366.0 216.0 1228.0 82.0 les plus jeunes, les plus généreux, auront disparu, ou moitié

368.0 298.0 1164.0 57.0 d'entre eux seront invalides, des fardeaux et non plus des

366.0 360.0 1149.0 68.0 ressources. Sa production, écrasée de charges, privée de

368.0 419.0 1186.0 78.0 main-d’oeuvre, à la merci des exigences naturelles des tra-

372.0 485.0 1200.0 73.0 vailleurs raréfiés, sera dominée par l’activité favorisée de

370.0 552.0 1261.0 77.0 ses concurrents ; et cette faveur l’aigrira comme une injustice

372.0 622.0 1242.0 70.0 et l’isolera. Elle se croira sacrifiée ; ses amis la croiront

373.0 704.0 174.0 52.0 ingrate.

707.0 745.0 933.0 78.0 La France sera, malgré ses ruines irréparables

372.0 823.0 1281.0 72.0 et ses deuils, une proie d’autant plus tentante pour ses voisins

373.0 895.0 1182.0 68.0 qu’elle sera moins apte à se défendre. Elle inspirera plus

375.0 955.0 1243.0 70.0 que la jalousie, l’envie. Les envieux verront en elle un pays

372.0 1023.0 1202.0 70.0 à coloniser, et, s’ils n’y peuvent pas réussir, à conquérir.

377.0 1091.0 1123.0 67.0 J’ai pressenti ce danger trop souvent, des mes voyages à

377.0 1153.0 1235.0 68.0 travers la France, à bicyclette, en chemin de fer, en auto, en

377.0 1222.0 1145.0 68.0 aéroplane ; et c’est pourquoi je redoutais la guerre pour

379.0 1290.0 841.0 66.0 la France d’abord et pour le monde entier.

716.0 1345.0 878.0 77.0 Je suis allé hier dans le Nord de la Sarthe

377.0 1413.0 1131.0 77.0 à La Ferté-Bernard, où j'étais appelé à parler devant un

379.0 1484.0 1231.0 68.0 comité local, d’ailleurs tout dévoué. J'ai parcouru, en auto,

381.0 1547.0 1257.0 76.0 cette région plantureuse et charmante du Perche, par une adora-

383.0 1622.0 1238.0 69.0 ble journée de Mai, dans la fraîcheur des pâturages peuplé de

381.0 1680.0 1228.0 70.0 bestiaux et de chevaux florissants ; les ruisseaux et le doux

383.0 1755.0 1229.0 64.0 soleil nourrissant les prés, les prés nourrissant les animaux,

383.0 1821.0 1145.0 75.0 et les animaux nourrissant les hommes. Pays de repos, de
