1737 2197
725.0 104.0 123.0 58.0 - 4 -

351.0 150.0 1254.0 78.0 ans chaque dimanche, en chaire, contre la perfide Albion, con-

351.0 223.0 1257.0 69.0 tre les bourreaux de Napoléon ler à Sainte Hélène. Beau résul-

353.0 291.0 1178.0 67.0 tat miraculeux du caporalisme allemands Pour le repousser

351.0 360.0 1276.0 68.0 voilà toute la France unie; cléricaux, réactionaires, républi-

355.0 421.0 1253.0 76.0 cains modérés, radicaux, socialistes, syndicalistes antimili-

355.0 488.0 1255.0 72.0 taristes, tous ne font qu’un bloc, et ce bloc lui-même ne fait

357.0 560.0 1207.0 75.0 qu'un avec le bloc des Anglais, des Ecossais, des Irlandais

355.0 627.0 1218.0 72.0 avec le bloc des Belges, Wallons et Flamands catholiques et

355.0 688.0 1281.0 79.0 libéraux avec celui des Slaves, Russes et Polonais. Coalitions

360.0 759.0 1268.0 74.0 formidable, moins encore par sa masse que par son esprit.......

360.0 822.0 1230.0 69.0 Grâce à cet esprit de protestation contre l’oppression du mi-

359.0 891.0 1293.0 73.0 litarisme allemand, voilà l’Angleterre en France ! ! et la Fran-

360.0 964.0 1274.0 61.0 ce repeuplée comme par enchantement enrichie d'un sang nouveau

362.0 1027.0 1290.0 71.0 Enrichie au point qu'elle tirera, quoi qu’il arrive, de la guer-

360.0 1089.0 1217.0 75.0 re une foule d’amis inattendus, d’alliés qui, commençant par

364.0 1158.0 1231.0 79.0 la défendre, finiront sans y prendre garde, par la coloniser

362.0 1228.0 1213.0 73.0 et par remplacer largement l’élément allemand qui s’y propa-

362.0 1309.0 480.0 56.0 geait sans contrepoids.

562.0 1360.0 1037.0 71.0 Plus je pense aux conséquences de cette guerre dont

362.0 1422.0 1254.0 70.0 la France souffrira si grandement, plus je crois que l’Allema-

364.0 1495.0 1154.0 68.0 gne en souffrira bien d’avantage et XX que la folie de sa

362.0 1558.0 1215.0 65.0 politique impérialiste est sans excuse, ou pacifiste ou con-

366.0 1627.0 1251.0 73.0 quérant, voilà ce que l’Empereur d’Allemagne devait être ; l'un

366.0 1695.0 335.0 62.0 et l'autre, non.

566.0 1852.0 1015.0 61.0 Ceci dit, quel sera l’avenir de l'Europe et quelle

368.0 1922.0 1174.0 68.0 peut-être l’influence de vos Etats-Unis d'Amérique sur cet

368.0 1990.0 1154.0 60.0 avenir ? Notre doctrine de la Conciliation a-t-elle fait
