1765 2197
600.0 106.0 542.0 73.0 (Annexe à ma LETTRE N° 573.

194.0 206.0 238.0 81.0 SÉNAT

719.0 217.0 154.0 72.0 (COPIE)

1115.0 259.0 510.0 79.0 PARIS, le 18 octobre 1919

800.0 503.0 531.0 60.0 Mon cher Président, et ami,

368.0 748.0 1299.0 74.0 Paris, à tant de remerciements. Si le Gouvernement après l’armis-

545.0 668.0 1082.0 89.0 Votre bonne lettre m’a touché. On n’est pas habitué, à

366.0 818.0 1265.0 71.0 tice avait tenu pareil langage aux Américains, au lieu de faire

368.0 884.0 1241.0 75.0 dire dans toute la France qu’ils n’avaient rien fait que leurs

369.0 950.0 1302.0 75.0 affaires et la hausse des prix, il aurait obtenu d’eux, sans rien

369.0 1012.0 1099.0 79.0 demander, une bonne volonté et un secours sans limites.

371.0 1142.0 1298.0 80.0 d’aménagement de l’appartement dont nous mettons les pièces prin-

549.0 1082.0 1007.0 78.0 J'avais bien entendu pensé à la question des frais

375.0 1217.0 1181.0 73.0 cipales à la disposition de l’Association Française pour la

377.0 1281.0 1195.0 73.0 Société des Nations ; voici comment nous comptions la régler.

552.0 1347.0 1139.0 71.0 L'hospitalité que nous vous offrons de bon coeur et spon-

377.0 1413.0 1314.0 82.0 tanément est, à mon avis, - je l'écrivais encore hier au Président

375.0 1482.0 1166.0 76.0 BUTLER - un honneur et une bonne fortune pour la DOTATION

375.0 1565.0 1260.0 69.0 CARNEGIE, trop heureuse de pouvoir utiliser si bien une part de

375.0 1629.0 1239.0 64.0 ses ressources. En tout état de cause, nous avions à faire les

375.0 1689.0 1223.0 75.0 frais dont vous me parlez et nous n’admettons pas que vous en

375.0 1764.0 373.0 63.0 payiez un centime.

554.0 1819.0 1084.0 85.0 J’insisterai seulement sur la nécessité de prendre, de

179.0 1904.0 458.0 82.0 à Monsieur Paul APPELL

261.0 1977.0 412.0 49.0 Membre de l'Institut

184.0 1999.0 1414.0 64.0 Président du Comité Executif de l'Association Française pour la Société

243.0 2072.0 456.0 62.0 32 rue du Bac PARIS

1345.0 2041.0 229.0 51.0 des Nations
