1745 2197
845.0 159.0 108.0 62.0 - 2 -

346.0 300.0 1270.0 57.0 la fatigue, et mon dégoût croissant pour les réunions mondaines,

347.0 364.0 1209.0 58.0 j’avais jugée opportune et nécessaire. Madame d'ESTOURNELLES,

346.0 435.0 1296.0 53.0 pour m'encourager, avait bien voulu, pour la première fois depuis

342.0 496.0 1262.0 58.0 ses deuils, venir faire avec moi et le personnel du Bureau, les

340.0 560.0 1324.0 58.0 honneurs de la réunion. Elle ne se lasse pas, non plus de recevoir

342.0 627.0 1263.0 63.0 chez elle, à notre table, le plus possible, des amis fidèles de

342.0 699.0 1304.0 62.0 la France. Toute ma famille s’associe à ma volonté de réagir soit

342.0 757.0 1320.0 61.0 chez moi à Paris ou à Créans, soit au Sénat, soit au XXX cercle

342.0 833.0 1333.0 51.0 etc., etc., contre le répugnant mouvement de bêtise et d’ingratitu-

340.0 893.0 1278.0 68.0 de suscité contre les Etats-Unis et contre nos alliés en général

340.0 957.0 1355.0 71.0 par notre presse officieuse et par les milieux bien pensants qu’elle

344.0 1023.0 1256.0 68.0 inspire et dont elle s’inspire, s'il existait à Paris plusieurs

342.0 1096.0 1256.0 66.0 foyer semblables de conciliation sincère et désintéressé, cela

338.0 1166.0 1234.0 60.0 vaudrait mieux peut-être que bien des conférences officielles.

538.0 1233.0 1089.0 63.0 Plus exigeant que jamais pour la tenue de notre bureau,

338.0 1292.0 1282.0 66.0 j’ai eu plaisir à le voir si dignement et si simplement répondre

338.0 1360.0 1280.0 64.0 à ce que vous et moi nous en attendions il y a sept ans. Combien

335.0 1433.0 1340.0 59.0 je m’applaudis d’avoir voulu qu’il fût modeste et dépourvu de toute

333 1497 1300 72 apparence d’ostentation ou €de grossière€ exploitation. Sa modestie

1096 1473 55 44 ££

336.0 1565.0 1297.0 57.0 l’aura sauvé de la malveillance, pendant la première partie de la

333.0 1633.0 1228.0 60.0 guerre ; jamais alors, pendant cette longue et pénible période,

335.0 1693.0 1248.0 66.0 on ne m’a posé une question sur ce que je faisais de ce bureau,

335.0 1763.0 1258.0 58.0 tandis que les Etats-Unis restaient neutres, et que M. CARNEGIE

329.0 1821.0 1318.0 75.0 passait à tort pour pro-Germain. Jamais une seule des centaines de

333.0 1893.0 1159.0 76.0 lettres que nous échangions vous et moi, - pourvu qu'elles
