1737 2197
820.0 166.0 277.0 82.0 LETTRE N° 599.

247.0 349.0 216.0 72.0 SENAT

1007.0 432.0 537.0 73.0 CREANS, 13 Décembre 1919.

632.0 648.0 599.0 64.0 SUITE DU BILAN DE LA GUERRE .

908.0 844.0 336.0 64.0 Mon cher Butler,

294.0 1078.0 1270.0 62.0 doubler les salaires des ouvriers, tandis que seuls les revenus

734.0 1005.0 830.0 71.0 Tandis que nous voyons, depuis la guerre,

296.0 1151.0 1243.0 62.0 des petits rentiers, - les nouveaux pauvres, - n’augmentent pas

296.0 1217.0 1208.0 59.0 tandis que les cultivateurs triplent ou quadruplent les prix

294.0 1279.0 1274.0 59.0 de tous les produits de la vie, il a bien fallu songer à élever

294.0 1347.0 1292.0 62.0 aussi les traitements des fonctionnaires ; et c’est ce que l'Etat

293.0 1422.0 161.0 48.0 a fait.

294.0 1550.0 1171.0 66.0 l'Etat ; il y a, en outre,-sans parler des administrations

729.0 1479.0 837.0 58.0 Mais il n'y a pas que l'administration de

291.0 1618.0 1293.0 60.0 privées,- celle des départements et celle des communes ; et natu-

289.0 1678.0 1255.0 66.0 rellement les fonctionnaires de chacune de ces administrations

294.0 1755.0 1270.0 52.0 distinctes ne peuvent admettre, et nul ne peut admettre, qu'ils

293.0 1816.0 1306.0 66.0 essaient de vivre tant bien que mal sous un régime d’infériorité.

190.0 1979.0 953.0 69.0 à Monsieur le Président Nicholas Murray BUTLER.
