1739 2197
760.0 97.0 293.0 73.0 LETTRE N° 514.

197.0 214.0 229.0 86.0 SÉNAT

282 76 304 145 ££

1075.0 214.0 431.0 88.0 PARIS, 10 Avril 1919.

654.0 393.0 483.0 86.0 LA FRANCE SACRIFIÉE .

875.0 563.0 339.0 64.0 Mon cher Butler,

307.0 794.0 786.0 60.0 chamaillent, la situation se complique.

623.0 726.0 846.0 68.0 Tandis que les membres de la Conférence se

309.0 935.0 1180.0 51.0 avec quelques-uns de mes amis, dans la situation écartée où

639.0 867.0 900.0 59.0 Et cependant, les efforts que j’ai pu tenter,

309.0 1006.0 1239.0 54.0 j'ai été relégué, n'ont pas tous été vains. J'aurais pu faire

309.0 1056.0 1219.0 66.0 beaucoup pour entretenir, entre nos Alliés et nous, des rela-

309.0 1127.0 1237.0 64.0 tions de confiance, comme je l'avais fait aux deux Conférences

306.0 1197.0 1203.0 62.0 de La Haye ; mais on m’a tenu en suspicion ou en oubli, loin

306.0 1270.0 1236.0 55.0 de tout et presque hors d'état de servir la France et la paix.

307.0 1332.0 1219.0 53.0 Peut-être ai-je été trop modeste? J'ai laissé faire, de peur

304.0 1391.0 1242.0 64.0 de gêner, par une agitation qui me déplairait, l'action de mon

304.0 1468.0 1222.0 55.0 Gouvernement. Je me suis borné à faire de mon mieux au Sénat

306.0 1532.0 1238.0 57.0 et dans les Commissions, dans une atmosphère d'indifférence ou

304.0 1601.0 1222.0 54.0 d'hostilité. J'ai réussi pour ce qui concerne la Rive Gauche

302.0 1666.0 1222.0 58.0 du Rhin. Clemenceau, en somme, est de mon avis : "pas un seul

302.0 1730.0 1224.0 66.0 député protestataire à Paris". Telle est sa formule. Que ne

302.0 1797.0 1184.0 64.0 l'a-t-on dit plus tôt ? On n’aurait pas encouragé l’Empire

142.0 1957.0 942.0 67.0 à Monsieur le Président Nicholas Murray BUTLER.
