1729 2197
767.0 91.0 121.0 60.0 - 2 -

311.0 184.0 1333.0 64.0 de voir à la fois le "New-York Times", et le vieux "Temps" de Paris

309.0 259.0 535.0 61.0 publier mes protestations.

527.0 318.0 963.0 66.0 Le numéro du'Temps" d’avant-hier 14 que je vous

311.0 389.0 1313.0 57.0 envoie contient une lettre de moi dont j’ai profité pour vous dé-

309.0 450.0 1317.0 69.0 gager, dans le cas où on vous reprocherait d’avoir laissé publier

309.0 518.0 1335.0 71.0 vos appréciations personnelles ; dans cette lettre, j’ai cité, sans

309.0 587.0 1332.0 64.0 le nommer pour ne pas lui nuire, les extraits inquiétants du jour-

309.0 657.0 1278.0 62.0 hal de Fried et je les ai apposés à une correspondance publique

313.0 717.0 1273.0 59.0 de David Starr Jordan. Il est vrai que Fried n’est pas libre et

315.0 781.0 1249.0 68.0 qu’il adresse à des lecteurs moins libres encore que lui mais

406 761 66 44 s'

313.0 853.0 1313.0 58.0 quel contraste! La lettre de Jordan est très belle ; en la lisant

313.0 920.0 1333.0 63.0 je vous ai su gré d’avoir si bien compris les services que pouvait

311.0 986.0 1331.0 61.0 rendre ce volumineux savant et de l’avoir introduit, l’été dernier

311.0 1060.0 1273.0 60.0 dans le Comité de la rue Pierre Curie. Vous avez fait, ce jour

315.0 1120.0 606.0 64.0 là, œuvre de bonne politique.

529.0 1184.0 1075.0 59.0 Je me suis demandé même - mais sous toutes réserves -

311.0 1250.0 1256.0 70.0 si la Dotation Carnegie ne pourrait pas dériver cette activité

313.0 1314.0 1289.0 70.0 errante et cette grande bonne volonté courageuse dans nos eaux ?

313.0 1389.0 410.0 57.0 Voici à quel propos:

529.0 1451.0 1016.0 64.0 Je vous ai envoyé, ces jours-ci, un article publié

313.0 1517.0 1273.0 66.0 dans l’Information par mon coll ègue au sénat, Herriot, maire de

311.0 1578.0 1308.0 67.0 Lyon et camarade de notre cher Godart, son adjoint. Herriot a na-

315.0 1653.0 1250.0 60.0 turellement suivi avec attention la mission de Godart dans les

313.0 1717.0 1328.0 66.0 Balkans ; le rapport imprimé à Lyon, etc... etc... Il a été impres-

315.0 1779.0 1344.0 71.0 sionné et il écrit en substance : "La Dotation Carnegie ne pourrait-

311.0 1854.0 1309.0 68.0 elle nous envoyer de semblables missionnaires ? Qu’ils viennent !

311.0 1920.0 1289.0 68.0 qu’ils interrogent les témoins et les lieux, nous les conduirons

311.0 1986.0 1077.0 77.0 dans nos hôpitaux, pr ès de nos blessés, etc... etc....
