1733 2197
930.0 162.0 119.0 63.0 - 8 -

377.0 287.0 1194.0 73.0 dans sa gloire......... avant les élect ions à la Présidence

377.0 360.0 493.0 62.0 de la République........

716.0 426.0 892.0 62.0 En fait, on aura abusé des deuils, des souf-

377.0 496.0 1194.0 62.0 frances, des ruines du pays pour le précipiter plus avant à

379.0 569.0 177.0 55.0 l'abîme.

714.0 627.0 854.0 63.0 Souvent la peur d'un mal nous conduit dans

377.0 695.0 1273.0 59.0 un pire ; la peur du bolchevisme nous a conduits à la réaction;

377.0 757.0 1203.0 66.0 or la réaction a toujours été, est et sera toujours égoiste,

377.0 825.0 1132.0 61.0 anti-sociale, protectionniste et xénophobe ; en d’autres

377.0 904.0 1174.0 46.0 termes, nous voilà, au lendemain de la guerre, orientés de

377.0 972.0 1251.0 56.0 nouveau et plus que jamais vers la guerre. A moins que, d'ici

379.0 1025.0 1209.0 69.0 deux ou trois ans, l'opinion finisse par se ressaisir. Nous

377.0 1100.0 1227.0 60.0 aurons à l'y aider sans tomber d’un extrême à l’autre. C'est

377.0 1164.0 1209.0 55.0 toute notre œuvre d'éducation à recommencer. Et cela, sans

375.0 1233.0 1174.0 63.0 savoir ce que nous réserve le Nouveau Monde encore presque

375.0 1305.0 929.0 58.0 vierge, il y a cinq ans, et maintenant .......

377.0 1590.0 1225.0 61.0 impression ont produite les grèves sur les esprits, notamment

708.0 1521.0 880.0 69.0 Je ne vous ai pas dit assez quelle mauvaise

373.0 1664.0 1268.0 56.0 en province et dans nos campagnes, à la veille de ces élections

373.0 1728.0 1250.0 57.0 survenant sans préparation, sans explications, pourtant indis-

371.0 1801.0 1134.0 53.0 pensables après cinq années de guerre, et sous un régime

375.0 1861.0 1189.0 63.0 incompréhensible , machiné€es€ au profit de la réaction et du

373.0 1924.0 194.0 62.0 mensonge.
