1734 2197
957.0 129.0 119.0 57.0 - 6 -

395.0 267.0 1177.0 68.0 PINARD, sont élus à Paris malgré les campagnes de calomnie

395.0 340.0 1177.0 62.0 que vous savez et auxquelles, heureusement, PAINLEVÉ avait

393.0 410.0 1238.0 64.0 répondu par avance, à la différence de tant d’autres qui, bon

391.0 476.0 1216.0 62.0 gré malgré, comme moi dans la Sarthe, ont laissé dire, faute

391.0 532.0 1050.0 74.0 d’avoir la liberté ou la possibilité de s’expliquer.

748.0 600.0 876.0 71.0 Quatre ou cinq généraux, imprudemment répu-

388.0 670.0 1166.0 71.0 blicains, les généraux GERARD, ROQUES, SARRAIL, CLERGERIE,

384.0 737.0 1179.0 66.0 MESSINY, MALLETERRE, sont battus ; deux généraux seulement

384.0 805.0 1223.0 77.0 triomphent, notoirement cléricaux, les généraux de CASTELNAU

384.0 880.0 317.0 46.0 et de MAUD'HUY.

743.0 937.0 859.0 79.0 Un fils de CASSAGNAC, plus violent et plus

386.0 997.0 1084.0 81.0 bonapartiste que son père, s’il est possible, est élu.

741.0 1076.0 828.0 75.0 Léon DAUDET, Grand-Maître de la calomnie,

382.0 1136.0 1009.0 79.0 est élu également, mais seulement par 19.000 voix.

739.0 1208.0 837.0 75.0 En revanche son rival et son concurrent à

379.0 1272.0 1206.0 79.0 Paris, dans le même secteur, Gustave TERY, est battu ; mais,

377.0 1340.0 1234.0 75.0 par une des chinoiseries les plus invraisemblables de la soi-

377.0 1404.0 1181.0 78.0 disant représentation proportionnelle, il a eu 30.000 voix,

375.0 1475.0 1214.0 79.0 soit 17.00 voix de plus que DAUDET, et c’est DAUDET qui est

375.0 1537.0 231.0 64.0 élu !.......

704.0 1601.0 903.0 83.0 L’aristocratie sera représentée à la Chambre

371.0 1667.0 1198.0 77.0 par un CASTELLANE, un ROUGÉ, un JUIGNÉ, un la FERRONAYS, un

369.0 1737.0 1117.0 73.0 de DION, un GRANDMAISON, un MOUSTIERS, un LASTEYRIE, un

368.0 1805.0 1195.0 80.0 LASTOUR, Un BELCASTEL, un MONTJON, etc... etc... sans parler

366.0 1869.0 1212.0 89.0 d'un bon lot de petits hobereaux, généralement d'autant plus
