<?xml version="1.0" encoding="UTF-8"?>
<alto xmlns:xsi="http://www.w3.org/2001/XMLSchema-instance"
      xmlns="http://www.loc.gov/standards/alto/ns-v4#"
      xsi:schemaLocation="http://www.loc.gov/standards/alto/ns-v4# http://www.loc.gov/standards/alto/v4/alto-4-2.xsd">
  <Description>
    <MeasurementUnit>pixel</MeasurementUnit>
    <sourceImageInformation>
      <fileName>FRAD072_12J381_lettre0005_006.jpg</fileName>
      
    </sourceImageInformation>
  </Description>
  
  <Layout>
    <Page WIDTH="1754"
          HEIGHT="2197"
          PHYSICAL_IMG_NR="39"
          ID="eSc_dummypage_">
      <PrintSpace HPOS="0"
                  VPOS="0"
                  WIDTH="1754"
                  HEIGHT="2197">
        

        
        <TextBlock ID="eSc_dummyblock_">
          
          
          <TextLine ID="eSc_line_1067b8f5"
                    
                    BASELINE="730 108 855 108" 
                    HPOS="730.0"
                    VPOS="65.0"
                    WIDTH="125.0"
                    HEIGHT="70.0">
            <Shape><Polygon POINTS="730 108 730 122 754 135 756 135 757 135 855 124 855 108 853 65 730 78 730 108"/></Shape>
	    <String CONTENT="- 5 -"
                    HPOS="730.0"
                    VPOS="65.0"
                    WIDTH="125.0"
                    HEIGHT="70.0"></String>
          </TextLine>

          
          
          <TextLine ID="eSc_line_7eb93213"
                    
                    BASELINE="373 208 1638 192" 
                    HPOS="371.0"
                    VPOS="157.0"
                    WIDTH="1267.0"
                    HEIGHT="84.0">
            <Shape><Polygon POINTS="373 208 373 241 417 232 437 241 439 241 441 241 443 241 466 239 582 230 595 238 596 239 598 239 600 239 602 239 726 236 728 236 730 236 732 234 741 227 844 232 926 236 928 236 1050 234 1052 234 1076 227 1094 221 1107 227 1118 230 1120 230 1122 230 1168 225 1215 217 1638 214 1638 192 1634 161 1354 157 1353 157 1252 166 1193 172 1171 168 1135 161 1133 161 1093 170 1071 173 1006 172 877 164 875 164 812 173 789 179 679 179 675 177 664 168 662 168 660 168 659 168 657 168 655 168 640 177 635 181 510 181 492 179 415 172 413 172 371 181 373 208"/></Shape>
	    <String CONTENT="bases plus précises et plus solides que par le passé, avec les"
                    HPOS="371.0"
                    VPOS="157.0"
                    WIDTH="1267.0"
                    HEIGHT="84.0"></String>
          </TextLine>

          
          
          <TextLine ID="eSc_line_b8de8341"
                    
                    BASELINE="378 278 1678 259" 
                    HPOS="377.0"
                    VPOS="234.0"
                    WIDTH="1301.0"
                    HEIGHT="71.0">
            <Shape><Polygon POINTS="378 278 378 305 1678 285 1678 259 1673 234 377 243 378 278"/></Shape>
	    <String CONTENT="sanctions ou tout au moins le maximum de précautions nécessaires"
                    HPOS="377.0"
                    VPOS="234.0"
                    WIDTH="1301.0"
                    HEIGHT="71.0"></String>
          </TextLine>

          
          
          <TextLine ID="eSc_line_d70cfb94"
                    
                    BASELINE="375 344 1603 327" 
                    HPOS="373.0"
                    VPOS="291.0"
                    WIDTH="1230.0"
                    HEIGHT="84.0">
            <Shape><Polygon POINTS="375 344 375 375 540 362 626 369 644 371 646 371 728 367 963 357 1060 360 1149 364 1151 364 1184 358 1210 353 1239 357 1285 362 1287 362 1288 362 1316 355 1331 351 1391 353 1534 358 1536 358 1602 347 1603 327 1596 291 1565 300 1473 292 1464 292 1462 292 1461 292 1459 292 1431 305 1340 294 1327 294 1325 294 1323 294 1320 296 1281 307 922 303 891 303 889 303 884 303 844 313 809 305 790 302 789 302 761 305 712 314 373 314 375 344"/></Shape>
	    <String CONTENT="dans une Europe fédérée. Tout ce que nous avons ébauché à la"
                    HPOS="373.0"
                    VPOS="291.0"
                    WIDTH="1230.0"
                    HEIGHT="84.0"></String>
          </TextLine>

          
          
          <TextLine ID="eSc_line_5fc96666"
                    
                    BASELINE="375 413 1541 395" 
                    HPOS="373.0"
                    VPOS="364.0"
                    WIDTH="1168.0"
                    HEIGHT="77.0">
            <Shape><Polygon POINTS="375 413 375 441 494 432 648 437 684 437 686 437 688 437 695 435 725 428 999 428 1380 428 1382 428 1541 413 1541 395 1536 364 373 388 375 413"/></Shape>
	    <String CONTENT="Haye, loin d&#39;être perdu, servira d’assises à l’édifice de"
                    HPOS="373.0"
                    VPOS="364.0"
                    WIDTH="1168.0"
                    HEIGHT="77.0"></String>
          </TextLine>

          
          
          <TextLine ID="eSc_line_ee7cbf17"
                    
                    BASELINE="378 481 933 474" 
                    HPOS="377.0"
                    VPOS="444.0"
                    WIDTH="556.0"
                    HEIGHT="61.0">
            <Shape><Polygon POINTS="378 481 378 505 933 496 933 474 930 450 516 444 514 444 377 455 378 481"/></Shape>
	    <String CONTENT="cette fédération pacifique."
                    HPOS="377.0"
                    VPOS="444.0"
                    WIDTH="556.0"
                    HEIGHT="61.0"></String>
          </TextLine>

          
          
          <TextLine ID="eSc_line_a374714e"
                    
                    BASELINE="584 545 1644 530" 
                    HPOS="582.0"
                    VPOS="496.0"
                    WIDTH="1062.0"
                    HEIGHT="71.0">
            <Shape><Polygon POINTS="584 545 584 567 1644 551 1644 530 1640 505 1510 496 1508 496 1235 507 1109 510 582 510 584 545"/></Shape>
	    <String CONTENT="Sur ces trois points on peut prévoir unanimité pres-"
                    HPOS="582.0"
                    VPOS="496.0"
                    WIDTH="1062.0"
                    HEIGHT="71.0"></String>
          </TextLine>

          
          
          <TextLine ID="eSc_line_b5e441b5"
                    
                    BASELINE="378 616 1624 600" 
                    HPOS="377.0"
                    VPOS="565.0"
                    WIDTH="1247.0"
                    HEIGHT="73.0">
            <Shape><Polygon POINTS="378 616 378 638 1206 635 1208 635 1210 635 1223 626 1226 624 1243 626 1312 633 1314 633 1316 633 1342 624 1347 622 1373 624 1483 631 1484 631 1486 631 1514 620 1517 620 1523 620 1563 629 1565 629 1624 618 1624 600 1618 565 1470 576 1186 573 1067 573 1065 573 377 589 378 616"/></Shape>
	    <String CONTENT="que compl ète ; mais la division commencera quand il s’agira de"
                    HPOS="377.0"
                    VPOS="565.0"
                    WIDTH="1247.0"
                    HEIGHT="73.0"></String>
          </TextLine>

          
          
          <TextLine ID="eSc_line_e109af8e"
                    
                    BASELINE="380 682 1543 668" 
                    HPOS="378.0"
                    VPOS="638.0"
                    WIDTH="1165.0"
                    HEIGHT="65.0">
            <Shape><Polygon POINTS="380 682 380 703 1541 693 1543 668 1537 638 378 655 380 682"/></Shape>
	    <String CONTENT="distinguer entre l’Allemagne et l’Empire, entre le peuple"
                    HPOS="378.0"
                    VPOS="638.0"
                    WIDTH="1165.0"
                    HEIGHT="65.0"></String>
          </TextLine>

          
          
          <TextLine ID="eSc_line_5b7cbe28"
                    
                    BASELINE="380 752 1642 735" 
                    HPOS="378.0"
                    VPOS="703.0"
                    WIDTH="1264.0"
                    HEIGHT="73.0">
            <Shape><Polygon POINTS="380 752 380 776 679 767 856 770 1021 772 1023 772 1071 765 1105 761 1138 765 1201 770 1202 770 1252 761 1272 759 1307 761 1395 767 1396 767 1398 767 1417 759 1420 757 1433 759 1497 767 1499 767 1501 767 1525 757 1528 756 1640 756 1642 735 1636 703 378 725 380 752"/></Shape>
	    <String CONTENT="allemand qui a le droit de vivre et l’Empire allemand qui fai-"
                    HPOS="378.0"
                    VPOS="703.0"
                    WIDTH="1264.0"
                    HEIGHT="73.0"></String>
          </TextLine>

          
          
          <TextLine ID="eSc_line_28bf5f4b"
                    
                    BASELINE="384 816 1622 800" 
                    HPOS="382.0"
                    VPOS="772.0"
                    WIDTH="1240.0"
                    HEIGHT="73.0">
            <Shape><Polygon POINTS="384 816 384 845 635 844 637 844 638 844 659 834 770 842 790 842 792 842 794 842 796 842 796 840 809 833 875 840 884 840 886 840 891 840 941 831 1622 831 1622 800 1616 772 382 790 384 816"/></Shape>
	    <String CONTENT="sait obstacle au droit de vivre ; la division commencera quand"
                    HPOS="382.0"
                    VPOS="772.0"
                    WIDTH="1240.0"
                    HEIGHT="73.0"></String>
          </TextLine>

          
          
          <TextLine ID="eSc_line_8ceb4c0f"
                    
                    BASELINE="384 882 1587 867" 
                    HPOS="382.0"
                    VPOS="845.0"
                    WIDTH="1205.0"
                    HEIGHT="63.0">
            <Shape><Polygon POINTS="384 882 384 908 1585 889 1587 867 1583 845 690 845 688 845 686 845 684 845 684 847 682 847 677 854 613 847 611 847 382 858 384 882"/></Shape>
	    <String CONTENT="on verra les uns réclamer l’humiliation de l’Allemagne, les"
                    HPOS="382.0"
                    VPOS="845.0"
                    WIDTH="1205.0"
                    HEIGHT="63.0"></String>
          </TextLine>

          
          
          <TextLine ID="eSc_line_f475c5eb"
                    
                    BASELINE="384 952 1607 937" 
                    HPOS="382.0"
                    VPOS="904.0"
                    WIDTH="1225.0"
                    HEIGHT="75.0">
            <Shape><Polygon POINTS="384 952 384 979 589 966 633 975 640 975 642 975 662 974 752 964 895 968 992 972 994 972 1091 964 1173 959 1241 961 1354 966 1356 966 1358 966 1376 959 1382 957 1384 959 1404 966 1406 966 1407 966 1409 966 1444 957 1455 955 1477 957 1581 964 1583 964 1585 964 1607 953 1607 937 1602 904 382 924 384 952"/></Shape>
	    <String CONTENT="autres la ruine de l’Allemagne, peut-être même le partage de"
                    HPOS="382.0"
                    VPOS="904.0"
                    WIDTH="1225.0"
                    HEIGHT="75.0"></String>
          </TextLine>

          
          
          <TextLine ID="eSc_line_30e2ea39"
                    
                    BASELINE="386 1016 1607 1001" 
                    HPOS="384.0"
                    VPOS="975.0"
                    WIDTH="1223.0"
                    HEIGHT="70.0">
            <Shape><Polygon POINTS="386 1016 386 1045 1605 1023 1607 1001 1603 975 690 975 688 975 384 988 386 1016"/></Shape>
	    <String CONTENT="ses colonies, de ses dépouilles. Dans cette voie, la France"
                    HPOS="384.0"
                    VPOS="975.0"
                    WIDTH="1223.0"
                    HEIGHT="70.0"></String>
          </TextLine>

          
          
          <TextLine ID="eSc_line_bcbec38f"
                    
                    BASELINE="386 1085 1666 1071" 
                    HPOS="384.0"
                    VPOS="1041.0"
                    WIDTH="1282.0"
                    HEIGHT="68.0">
            <Shape><Polygon POINTS="386 1085 386 1109 1235 1096 1299 1103 1307 1103 1309 1103 1310 1103 1312 1103 1347 1094 1428 1102 1429 1102 1431 1102 1433 1102 1506 1093 1662 1100 1666 1071 1662 1041 1072 1041 1071 1041 964 1050 955 1050 950 1050 895 1043 893 1043 844 1052 838 1054 384 1058 386 1085"/></Shape>
	    <String CONTENT="qui a défendu la paix défendra, j’en suis sûr, aussi la justice"
                    HPOS="384.0"
                    VPOS="1041.0"
                    WIDTH="1282.0"
                    HEIGHT="68.0"></String>
          </TextLine>

          
          
          <TextLine ID="eSc_line_4e88901c"
                    
                    BASELINE="386 1151 1688 1135" 
                    HPOS="384.0"
                    VPOS="1105.0"
                    WIDTH="1304.0"
                    HEIGHT="75.0">
            <Shape><Polygon POINTS="386 1151 386 1169 529 1180 530 1180 595 1169 596 1169 668 1179 670 1179 792 1168 816 1166 820 1168 827 1175 829 1175 831 1175 833 1175 897 1168 908 1166 917 1166 961 1175 963 1175 1019 1166 1036 1164 1050 1166 1105 1173 1107 1173 1182 1164 1212 1162 1686 1162 1688 1135 1682 1105 384 1120 386 1151"/></Shape>
	    <String CONTENT="mais la justice ne triomphera pas non plus sans peine. Et c’est"
                    HPOS="384.0"
                    VPOS="1105.0"
                    WIDTH="1304.0"
                    HEIGHT="75.0"></String>
          </TextLine>

          
          
          <TextLine ID="eSc_line_1462e98a"
                    
                    BASELINE="386 1219 1645 1204" 
                    HPOS="384.0"
                    VPOS="1171.0"
                    WIDTH="1261.0"
                    HEIGHT="75.0">
            <Shape><Polygon POINTS="386 1219 386 1237 540 1246 541 1246 585 1237 668 1244 670 1244 730 1235 734 1235 739 1235 834 1243 836 1243 838 1243 858 1233 860 1233 873 1233 966 1241 968 1241 1006 1233 1016 1232 1034 1232 1124 1239 1126 1239 1168 1232 1179 1230 1195 1232 1259 1237 1261 1237 1645 1226 1645 1204 1642 1180 1523 1171 1521 1171 1519 1171 1486 1180 1483 1182 384 1184 386 1219"/></Shape>
	    <String CONTENT="alors que les Etats-Unis rendront grand service, si les Etats-"
                    HPOS="384.0"
                    VPOS="1171.0"
                    WIDTH="1261.0"
                    HEIGHT="75.0"></String>
          </TextLine>

          
          
          <TextLine ID="eSc_line_85e7c1df"
                    
                    BASELINE="386 1285 1569 1272" 
                    HPOS="384.0"
                    VPOS="1243.0"
                    WIDTH="1185.0"
                    HEIGHT="60.0">
            <Shape><Polygon POINTS="386 1285 386 1303 1567 1296 1569 1272 1565 1243 1228 1243 1226 1243 1224 1243 1223 1243 1217 1248 1213 1252 1206 1248 1193 1243 1191 1243 1190 1243 1157 1248 1138 1252 1133 1250 1124 1243 1122 1243 1120 1243 1118 1243 1052 1250 1021 1254 986 1252 891 1244 889 1244 844 1254 833 1255 812 1254 730 1248 728 1248 726 1248 710 1255 708 1257 706 1255 684 1248 682 1248 681 1248 679 1248 677 1248 677 1250 670 1257 668 1257 660 1257 582 1250 580 1250 384 1261 386 1285"/></Shape>
	    <String CONTENT="Unis ont conservé, comme on l’a vu dans la crise Mexicaine"
                    HPOS="384.0"
                    VPOS="1243.0"
                    WIDTH="1185.0"
                    HEIGHT="60.0"></String>
          </TextLine>

          
          
          <TextLine ID="eSc_line_abce0b72"
                    
                    BASELINE="389 1352 1581 1338" 
                    HPOS="388.0"
                    VPOS="1312.0"
                    WIDTH="1193.0"
                    HEIGHT="68.0">
            <Shape><Polygon POINTS="389 1352 389 1380 1281 1363 1303 1363 1413 1371 1415 1371 1417 1371 1418 1371 1431 1362 1433 1360 1581 1358 1581 1338 1576 1312 388 1325 389 1352"/></Shape>
	    <String CONTENT="si décisive, leur autorité morale et leur désintéressement."
                    HPOS="388.0"
                    VPOS="1312.0"
                    WIDTH="1193.0"
                    HEIGHT="68.0"></String>
          </TextLine>

          
          
          <TextLine ID="eSc_line_ba88e7a3"
                    
                    BASELINE="589 1415 1591 1407" 
                    HPOS="587.0"
                    VPOS="1382.0"
                    WIDTH="1004.0"
                    HEIGHT="62.0">
            <Shape><Polygon POINTS="589 1415 589 1435 798 1444 800 1444 801 1444 820 1435 930 1442 931 1442 933 1442 935 1442 935 1440 944 1433 988 1433 1006 1433 1078 1442 1080 1442 1305 1431 1325 1440 1327 1440 1329 1440 1331 1440 1332 1440 1347 1429 1418 1439 1420 1439 1422 1439 1442 1428 1591 1426 1591 1407 1587 1384 587 1382 589 1415"/></Shape>
	    <String CONTENT="Dans les extraits de journaux américains que vous"
                    HPOS="587.0"
                    VPOS="1382.0"
                    WIDTH="1004.0"
                    HEIGHT="62.0"></String>
          </TextLine>

          
          
          <TextLine ID="eSc_line_31e976fd"
                    
                    BASELINE="388 1486 1572 1471" 
                    HPOS="386.0"
                    VPOS="1439.0"
                    WIDTH="1186.0"
                    HEIGHT="75.0">
            <Shape><Polygon POINTS="388 1486 388 1514 1570 1493 1572 1471 1567 1439 386 1451 388 1486"/></Shape>
	    <String CONTENT="m’avez envoyés j’ai lu, avec une inquiétude que vous aurez"
                    HPOS="386.0"
                    VPOS="1439.0"
                    WIDTH="1186.0"
                    HEIGHT="75.0"></String>
          </TextLine>

          
          
          <TextLine ID="eSc_line_0ec64a4f"
                    
                    BASELINE="386 1554 1667 1537" 
                    HPOS="384.0"
                    VPOS="1506.0"
                    WIDTH="1283.0"
                    HEIGHT="79.0">
            <Shape><Polygon POINTS="386 1554 386 1585 488 1574 521 1583 523 1583 525 1583 527 1583 714 1580 715 1580 717 1580 728 1570 754 1578 759 1580 761 1580 763 1580 778 1578 829 1569 908 1574 953 1578 955 1578 957 1578 970 1574 988 1567 1049 1572 1085 1574 1087 1574 1089 1574 1102 1570 1124 1565 1248 1567 1398 1570 1400 1570 1444 1563 1459 1561 1470 1563 1521 1570 1523 1570 1525 1570 1526 1570 1536 1561 1537 1561 1541 1561 1620 1569 1622 1569 1666 1558 1667 1537 1662 1506 384 1526 386 1554"/></Shape>
	    <String CONTENT="peut-être partagée, un article inspiré de cet état d’esprit qu&#39;"
                    HPOS="384.0"
                    VPOS="1506.0"
                    WIDTH="1283.0"
                    HEIGHT="79.0"></String>
          </TextLine>

          
          
          <TextLine ID="eSc_line_fa0f5ef0"
                    
                    BASELINE="388 1623 1699 1609" 
                    HPOS="386.0"
                    VPOS="1574.0"
                    WIDTH="1313.0"
                    HEIGHT="70.0">
            <Shape><Polygon POINTS="388 1623 388 1642 1695 1644 1699 1609 1695 1583 1497 1574 1495 1574 1494 1574 1492 1574 1475 1585 1288 1585 1215 1576 1213 1576 1136 1585 1080 1578 1078 1578 1076 1578 1049 1589 1047 1589 1041 1589 977 1580 975 1580 974 1580 972 1580 961 1589 961 1590 796 1590 794 1590 759 1581 757 1581 756 1581 754 1581 723 1592 719 1592 708 1592 640 1585 638 1585 386 1594 388 1623"/></Shape>
	    <String CONTENT="après tout les Etats-Unis seraient &quot;les bénéficiaires de la guer-"
                    HPOS="386.0"
                    VPOS="1574.0"
                    WIDTH="1313.0"
                    HEIGHT="70.0"></String>
          </TextLine>

          
          
          <TextLine ID="eSc_line_7f1881be"
                    
                    BASELINE="388 1691 1596 1675" 
                    HPOS="386.0"
                    VPOS="1645.0"
                    WIDTH="1210.0"
                    HEIGHT="77.0">
            <Shape><Polygon POINTS="388 1691 388 1722 655 1720 657 1720 664 1719 699 1708 796 1715 805 1715 807 1715 809 1715 811 1715 838 1706 869 1713 884 1717 886 1717 887 1717 889 1717 902 1713 926 1704 1100 1708 1277 1711 1279 1711 1354 1702 1380 1699 1396 1700 1459 1709 1461 1709 1462 1709 1499 1699 1504 1697 1508 1699 1543 1708 1545 1708 1547 1708 1548 1708 1596 1695 1596 1675 1591 1645 386 1666 388 1691"/></Shape>
	    <String CONTENT="re Européenne:; on démontre en effet très facilement que les"
                    HPOS="386.0"
                    VPOS="1645.0"
                    WIDTH="1210.0"
                    HEIGHT="77.0"></String>
          </TextLine>

          
          
          <TextLine ID="eSc_line_a6c04b62"
                    
                    BASELINE="391 1752 1613 1744" 
                    HPOS="389.0"
                    VPOS="1720.0"
                    WIDTH="1224.0"
                    HEIGHT="59.0">
            <Shape><Polygon POINTS="391 1752 391 1779 1613 1766 1613 1744 1607 1720 389 1726 391 1752"/></Shape>
	    <String CONTENT="Etats-Unis profiteront de la guerre pour enlever au commerce"
                    HPOS="389.0"
                    VPOS="1720.0"
                    WIDTH="1224.0"
                    HEIGHT="59.0"></String>
          </TextLine>

          
          
          <TextLine ID="eSc_line_61f688e9"
                    
                    BASELINE="391 1823 1583 1810" 
                    HPOS="391.0"
                    VPOS="1772.0"
                    WIDTH="1192.0"
                    HEIGHT="69.0">
            <Shape><Polygon POINTS="391 1841 1583 1832 1583 1810 1578 1772 1407 1786 1202 1775 1195 1775 1193 1775 1186 1775 1006 1790 913 1779 900 1777 898 1777 889 1779 825 1792 745 1781 734 1779 732 1779 719 1781 638 1794 593 1781 589 1781 587 1781 585 1781 584 1781 582 1781 582 1783 567 1796 430 1796 391 1785 391 1823 391 1841"/></Shape>
	    <String CONTENT="allemand sa clientèle dans les trois Amériques, etc. etc. ."
                    HPOS="391.0"
                    VPOS="1772.0"
                    WIDTH="1192.0"
                    HEIGHT="69.0"></String>
          </TextLine>

          
          
          <TextLine ID="eSc_line_fcbc6ffe"
                    
                    BASELINE="393 1885 1488 1878" 
                    HPOS="391.0"
                    VPOS="1854.0"
                    WIDTH="1097.0"
                    HEIGHT="61.0">
            <Shape><Polygon POINTS="393 1885 393 1915 1488 1898 1488 1878 1483 1854 391 1860 393 1885"/></Shape>
	    <String CONTENT="C&#39;est un raisonnement dangereux qui n’est pas nouveau."
                    HPOS="391.0"
                    VPOS="1854.0"
                    WIDTH="1097.0"
                    HEIGHT="61.0"></String>
          </TextLine>

          
          
          <TextLine ID="eSc_line_1c801f81"
                    
                    BASELINE="598 1951 1603 1940" 
                    HPOS="596.0"
                    VPOS="1909.0"
                    WIDTH="1007.0"
                    HEIGHT="71.0">
            <Shape><Polygon POINTS="598 1951 598 1980 931 1980 931 1979 933 1979 941 1977 970 1969 1074 1977 1096 1977 1098 1977 1109 1975 1160 1968 1250 1975 1263 1975 1265 1975 1266 1975 1268 1975 1283 1966 1413 1973 1420 1973 1422 1973 1424 1973 1426 1973 1437 1964 1600 1971 1603 1940 1598 1909 596 1916 598 1951"/></Shape>
	    <String CONTENT="Si la guerre a conservé tant de partisans tenaces,"
                    HPOS="596.0"
                    VPOS="1909.0"
                    WIDTH="1007.0"
                    HEIGHT="71.0"></String>
          </TextLine>

          
          
          <TextLine ID="eSc_line_aae9ba5e"
                    
                    BASELINE="395 2023 1656 2013" 
                    HPOS="393.0"
                    VPOS="1977.0"
                    WIDTH="1263.0"
                    HEIGHT="73.0">
            <Shape><Polygon POINTS="395 2023 395 2045 622 2050 624 2050 648 2045 681 2037 730 2045 747 2046 748 2046 750 2046 752 2046 754 2045 763 2035 904 2035 944 2045 959 2046 961 2046 975 2045 1016 2035 1038 2043 1045 2046 1047 2046 1049 2046 1050 2046 1061 2043 1089 2035 1129 2043 1147 2046 1149 2046 1179 2043 1252 2034 1265 2043 1266 2043 1268 2043 1270 2043 1272 2043 1305 2034 1655 2041 1656 2013 1653 1986 1404 1977 1402 1977 1332 1986 655 1982 653 1982 651 1982 649 1982 638 1991 514 1984 512 1984 393 1993 395 2023"/></Shape>
	    <String CONTENT="cela tient à ce qu’elle répond au tempérament de bien des gens"
                    HPOS="393.0"
                    VPOS="1977.0"
                    WIDTH="1263.0"
                    HEIGHT="73.0"></String>
          </TextLine>

          
        </TextBlock>
        
      </PrintSpace>
    </Page>
  </Layout>
</alto>
