1740 2197
102 76 242 162 ££

785.0 151.0 315.0 76.0 LETTRE N° 511.-

183.0 221.0 236.0 90.0 SÉNAT

1086.0 270.0 452.0 76.0 PARIS, 1° Avril 1919.

675.0 443.0 506.0 67.0 LES LISTES ÉLECTORALES.

696.0 516.0 456.0 71.0 LE "JOURNAL FLÉCHOIS".

891.0 679.0 337.0 60.0 Mon cher Butler,

697.0 811.0 832.0 56.0 Si le Gouvernement, et peut-être aussi la

368.0 867.0 1258.0 72.0 force des choses, éloignent jusqu’à cet été nos élections géné-

368.0 937.0 1198.0 71.0 rales, il n’en faut pas moins dresser dans chaque commune de

364.0 999.0 1258.0 70.0 France les listes des électeurs qui pourront voter. Ces listes

366.0 1076.0 1205.0 59.0 seront arrêtées cete semaine, le 4 Avril. Cela n’est qu’un

368.0 1140.0 1271.0 55.0 commencement, mais c’est tout de même un commencement. Et voici

369.0 1210.0 1237.0 51.0 qu'on m’appelle dans la Sarthe à présider d’orageuses réunions

368.0 1270.0 1238.0 59.0 préparatoires.- Vous aurez un faible aperçu de ces prochaines

366.0 1342.0 1200.0 56.0 réunions, où je dirai, comme devant la Cour d'Assises, toute

368.0 1409.0 1159.0 52.0 ma pensée, si vous jetez les yeux sur les articles dont je

368.0 1471.0 1143.0 66.0 gratifie sans les signer,- car je suis juge,- le "Journal

368.0 1547.0 221.0 64.0 Fléchois".

939.0 1662.0 584.0 68.0 Votre affectueusement dévoué,

1071.0 1731.0 333.0 85.0 ££

172.0 1850.0 936.0 72.0 à Monsieur le Président Nicholas Murray BUTLER,

567.0 1929.0 176.0 64.0 NEW-YORK.

195.0 2061.0 167.0 64.0 annexes.
