1739 2197
875.0 102.0 112.0 70.0 - 2 -

696.0 272.0 903.0 68.0 J'ai saisi par hasard hier, en voyageant dans

401.0 336.0 1189.0 75.0 un compartiment bondé d’officiers américains venant à Paris

401.0 411.0 1218.0 61.0 un nouveau signe de cette jeunesse de vos cœurs. Un journal

403.0 483.0 1200.0 64.0 américain se publie au Mans pour faire patienter vos troupes

403.0 541.0 1237.0 70.0 qui attendent là, en grand nombre, soit l’heure de leur retour

404.0 609.0 1160.0 61.0 tant désiré au pays natal, soit leur envoi en Allemagne, à

403.0 677.0 1238.0 58.0 Coblentz, ou dans quelque autre ville des bords du Rhin. Voici

401.0 741.0 1206.0 71.0 un numéro de ce journal. J'y ai trouvé en première page, en

404.0 811.0 1214.0 69.0 gros caractères, comme la recommandation la plus essentielle :

529.0 937.0 984.0 69.0 C'EST DEMAIN DIMANCHE. LE JOUR DE VOTRE MERE.

877.0 1016.0 281.0 64.0 ECRIVEZ-LUI .

701.0 1136.0 926.0 61.0 Cette recommandation touchante en dit long. En

406.0 1208.0 1235.0 68.0 France, chacun de nos jeunes gens aime sa mère, son pays, mais

404.0 1270.0 1223.0 68.0 nous sommes dressés à ne jamais parler de nos bons sentiments

406.0 1332.0 1125.0 70.0 et, si quelqu'un en parle, à se moquer de lui comme d'un

406.0 1409.0 1217.0 64.0 naîf. On n'oserait pas, dans un journal pour l’armée, recom-

406.0 1473.0 1217.0 59.0 mander aux jeunes gens de penser à leur mère et de lui écrire.

410.0 1536.0 1200.0 69.0 Vous n’avez pas connu les moeurs du militarisme. En Algérie,

410.0 1611.0 1178.0 64.0 jadis, un soldat qui faisait des économies et qui ne buvait

408.0 1666.0 1235.0 65.0 pas était mal vu ; il lui fallait, en outre, avoir contracté et

410.0 1733.0 1158.0 66.0 propagé de bonnes maladies vénériennes. C'était martial.-

408.0 1807.0 1217.0 56.0 Et aujourd'hui encore, vous trouverez dans nos feuilles mili-

412.0 1863.0 1261.0 79.0 taristes tout autre chose que des conseils de dévouement filial;
