1747 2197
822.0 142.0 298.0 75.0 LETTRE N° 589.

278.0 335.0 234.0 86.0 SENAT

1076.0 400.0 504.0 81.0 PARIS, 18 Novembre 1919.

576.0 595.0 663.0 82.0 LES ÉLECTIONS DU 16 NOVEMBRE.

518.0 668.0 816.0 82.0 DÉMOBILISATION et DÉSORGANISATION .

913.0 845.0 341.0 59.0 Mon cher Butler,

320.0 1067.0 1234.0 77.0 ce qu'on pouvait attendre et du scrutin de liste et du lende-

657.0 999.0 903.0 68.0 Les élections législatives générales donnent

316.0 1133.0 379.0 75.0 main de la guerre.

316.0 1274.0 1315.0 68.0 régime électoral a favorisé des coalitions d'égoïsme contre toute

653.0 1201.0 940.0 65.0 Loin d'être un scrutin de moralité, le nouveau

314.0 1343.0 1279.0 66.0 aspiration généreuse. Ceux qui ont souhaité ou laissé venir la

314.0 1407.0 1293.0 61.0 guerre veulent absolument aujourd’hui que cette guerre n'ait pas

313.0 1470.0 1307.0 69.0 pour lendemain une déception. Or cette déception est inévitable.

314.0 1541.0 1235.0 68.0 On aura beau grouper pour la dissimuler tous les partisans de

314.0 1600.0 1275.0 75.0 l’ordre, il n'en faudra pas moins découvrir en France la vérité

313.0 1671.0 1195.0 68.0 que les faits vont nous révéler. Comment s'y prendront les

314.0 1735.0 1273.0 72.0 partisans de l'ordre pour mettre fin ou pour apporter seulement

309.0 1810.0 1304.0 61.0 un remède efficace à la dépopulation, à l’infériorité économique,

309.0 1867.0 1176.0 75.0 à la pénurie financière....? Ce sera pour eux une épreuve

168.0 2024.0 949.0 74.0 à Monsieur le Président Nicholas Murray BUTLER.
