1748 2197
729.0 111.0 119.0 50.0 - 4 -

366.0 195.0 1266.0 66.0 moins, comme un détestable argument en faveur de la force dont

368.0 276.0 1240.0 55.0 il sera le triomphe quand même ; car il est clair que le mili-

371.0 336.0 1281.0 63.0 tarisme allemand serait vainqueur et tout puissant si la France

364.0 402.0 1266.0 70.0 n’avait été prêts à le combattre par les armes et soutenue par

364.0 470.0 519.0 59.0 les armées de ses alliés.

566.0 536.0 1024.0 62.0 Les vraies difficultés, à mon sens, vont commencer

364.0 611.0 1263.0 57.0 le jour où les allemands vaincus auront à subir les conditions

364.0 677.0 1153.0 60.0 de leurs vainqueurs. Les vainqueurs pourront s’entendre

364.0 743.0 1184.0 62.0 je le crois, pour s'arrêter et dicter ces conditions, mais

366.0 811.0 1140.0 54.0 s’entendront-ils pour les modérer ? Là est la question.

562.0 871.0 1103.0 71.0 Pour ne parler que de la France, elle sera loin d'être

360.0 941.0 1267.0 65.0 unanime à ce moment, comme elle a été unanime pour se défendre

362.0 1005.0 1301.0 73.0 Elle est unanime sur ces points principaux: 1° l'Alsace-Lorraine

362.0 1074.0 1204.0 62.0 devra être enfin libérée, libre de revenir à la France son

362.0 1151.0 1221.0 59.0 droit respecté, reconnue cette libération s'étandant, autant

364.0 1212.0 1233.0 58.0 que possible, à tout pays d’Europe dont le droit a été violé.

564.0 1283.0 1116.0 64.0 2° Finissons en avec le mensonge, avec la mystification

359.0 1349.0 1205.0 64.0 ruineuse de la paix armée soi-disant inventée pour prévenir

359.0 1411.0 1240.0 59.0 la guerre et qui l'aura rendue inévitable ; que le militarisme

359.0 1473.0 1240.0 64.0 allemand soit abattu : qu’il ne puisse redevenir une menace et

357.0 1543.0 1185.0 71.0 jouer à nouveau le signal des surenchères d’armements! La

357.0 1609.0 1260.0 68.0 paix ne sera qu’une trève, une sinistre comédie, si elle n’est

357.0 1678.0 1180.0 64.0 pas couronnée par une convention générale de désarmement à

357.0 1744.0 1259.0 75.0 laquelle l’Allemagne devra souscrire comme les autres et avant

359.0 1808.0 333.0 64.0 tout autre pays.

558.0 1872.0 981.0 79.0 3° L'arbitrage, la conciliation, tous les moyens

355.0 1946.0 1261.0 75.0 déjà prévus de régler à l’amiable et, si possible, de prévenir

355.0 2006.0 1182.0 82.0 les conflits internationaux devront être organisés sur des
