1751 2197
796.0 106.0 127.0 51.0 - 8 -

377.0 192.0 1284.0 75.0 le crime de la réaction militaire prussienne. Il est impossible

377.0 263.0 1185.0 68.0 que les libres Etats-Unis, nés de leur lutte sacrée contre

377.0 333.0 1168.0 66.0 la domination européenne, grandis, enrichis, ennoblis par

375.0 402.0 1227.0 66.0 cette lutte, arrivés grâce à cette lutte au premier rang des

377.0 472.0 1168.0 66.0 nations, se tiennent prudemment entre la Révolution et la

377.0 532.0 1225.0 81.0 Réaction, entre le droit et la conquête, entre la paix et la

377.0 609.0 157.0 61.0 guerre.

571.0 664.0 1071.0 68.0 Les Américains sont trop généreux pour hésiter, trop

375.0 734.0 1227.0 66.0 avisés aussi, car le vieil édifice de la réaction prussienne

375.0 809.0 1286.0 64.0 se lézarde et va s’écrouler ; les Américains d’origine allemande

375.0 865.0 1225.0 70.0 eux-mêmes seraient contre leur propre pays s’ils soutenaient

379.0 933.0 1296.0 77.0 de leurs sympathies le régime du caporalisme qui est en train de

373.0 1001.0 216.0 73.0 la perdre.

571.0 1071.0 1119.0 67.0 Aujourd’hui vraiement, dans l'humanité en armes, chaque

371.0 1144.0 1290.0 60.0 peuple doit se classer ; la victoire déjà compromise ne sera pas

371.0 1210.0 1226.0 64.0 du côté du plus fort, elle sera du côté du droit, du côté où

369.0 1272.0 1261.0 71.0 nous avons vainement supplié l’Allemagne de se joindre à nous;

375.0 1342.0 1161.0 69.0 elle sera du côté des peuples contre l’oppression . Après

375.0 1413.0 1240.0 58.0 tout, le militarisme allemand, par un juste retour des choses

373.0 1484.0 1213.0 66.0 aura fait coup double ; il aura déshonoré la guerre et servi,

369.0 1547.0 539.0 65.0 malgré lui, la démocratie.

750.0 1601.0 541.0 83.0 Votre cordialement dévoué.
