1753 2197
899.0 122.0 126.0 84.0 - 20 -

313.0 259.0 1317.0 63.0 le vin blanc, qui ne gâte rien. L'apparition est impressionnante.

313.0 335.0 1276.0 60.0 Rôti au feu de bois, sous la surveillance magistrale d’une femme

316.0 393.0 1219.0 64.0 qui connaît les moindres nuances et sait par expérience qu'on

315.0 468.0 1220.0 53.0 devient cuisinière mais qu'on nait rôtisseur, ce gigot grille

313.0 525.0 1260.0 70.0 encore sur le plat où il se présente, croustillant, XXXX. Je

311.0 598.0 1224.0 61.0 réclame l'honneur de le découper, car on ne mange bien que le

309 655 1209 75 rôti, perdreau, faisan, poulet, ouie ou dindon, ou viande de

959 649 66 35 ££

311.0 719.0 1280.0 68.0 boucherie,-qu'on découpe soi-même ou qu'on vous découpe sous vos

309.0 789.0 1321.0 67.0 yeux ; et alors, mon pauvre Butler, je ne me console plus de votre

311.0 853.0 1300.0 69.0 absence ; vous n’aurez jamais une idée des déjeuners que je fais

311.0 919.0 1319.0 69.0 sans vous, tandis que mes amis me plaignent de tant de fatigues et

311.0 994.0 1280.0 62.0 s’apitoyant sur l’excès de mon zèle ; - vous ne saurez jamais ce

313.0 1052.0 1258.0 64.0 que fut ce gigot brûlant et rose, et non saignant, et le miracle

313.0 1114.0 1276.0 81.0 qui, reléguant dans le passé tout ce qui l’avait précédé, me fit

313.0 1180.0 1364.0 79.0 croire que le déjeuner alors seulement commençait.... Parler des ££tendres££

320.0 1252.0 1229.0 62.0 haricots XXXX qui vinrent ensuite se marier aux tranches de

305.0 1318.0 1303.0 69.0 gigot sur nos assiettes, et discrètement former une sauce ni trop

309.0 1387.0 1304.0 68.0 épaisse ni trop claire, c’est impossible,- non plus que du reste

307.0 1453.0 1279.0 68.0 et du fromage et des fruits, et des gâteaux et des crêmes, et du

307.0 1523.0 1336.0 69.0 café et des liqueurs.- Des fruits pourtant il me faut dire un mot

307.0 1587.0 1279.0 55.0 car je les ai retrouvés partout où chacun de mes amis, cultivant

304 1653 1298 66 son jardin amoureusement,y récolte avec les légumes, les salades

805 1625 61 48 ££

309.0 1717.0 1198.0 66.0 qu'on ne cueille qu’au moment même des repas ; ces fruits ne

307.0 1774.0 1257.0 75.0 paient pas toujours de mine ; ils sont comme nos paysans qui ne

307.0 1850.0 1277.0 68.0 prétendent pas à la beauté, mais, ô surprise, quand on les ouvre

305.0 1918.0 1295.0 57.0 ou quand on les coupe, ils embaument; ils ont leur bouquet, comme
