1732 2197
704.0 108.0 125.0 69.0 - 4 -

565.0 199.0 978.0 64.0 Je voudrais avoir des nouvelles de votre odyssée

368.0 263.0 1228.0 70.0 sur le "Principe d’Udine". Je compte bien que vous/m’écrirez.

369.0 336.0 1033.0 66.0 J'ai prévenu Herrick, Hirst. Weardale, etc.........

567.0 406.0 1000.0 60.0 Je €compt€ vous écrirai la lettre que je vous avais

368.0 468.0 1255.0 66.0 annoncée, mais un autre jour ; je suis trop absorbé par mes de-

368.0 541.0 1195.0 57.0 voirs immédiats de représentant du pays pour vous parler de

369.0 602.0 1306.0 73.0 l’avenir, dont de suis bien loin, certes, de désespérer. Indépen-

371.0 681.0 1249.0 58.0 damment de Créans, où ma femme et ceux des nôtres qui sont ve-

369.0 734.0 1196.0 60.0 nus se rassembler sous notre toit remplissent leur fonction

368.0 803.0 1158.0 68.0 d’assurer la vie à tout ce qui n'est pas sur les/champs de

369.0 867.0 1225.0 64.0 bataille, ma présence est/tout instant nécessaire à clermont

864.0 842.0 51.0 49.0 à

369.0 935.0 1249.0 70.0 à la Flèche, dans les communes voisines et au Mans, partout où

366.0 1001.0 1259.0 68.0 nous avons à organiser le travail, les secours, les transports

371.0 1071.0 1273.0 64.0 les soins, les logements, les ravitaillements. Mon fils Paul se

371.0 1138.0 1192.0 64.0 partage entre ses fonctions de chauffeur et d’ambulancier à

369.0 1210.0 1227.0 53.0 La Fl èche ; j’espère que sa volonté n'excèdera pas ses forces:

369.0 1270.0 1253.0 72.0 ma fille, à peine convalescente, fait également son devoir ; de

369.0 1345.0 1170.0 59.0 même ma belle-fille aux ambulances de Paris ou de l’armée ;

371.0 1409.0 1210.0 57.0 nous n’avons plus de ses nouvelles. J'ai encore Victor Lepê-

371.0 1466.0 1229.0 66.0 cheux à La Flèche et, momentanément, François à Créans : Puech

371.0 1528.0 1209.0 68.0 en raison de sa faible constitution, comme Jaudon, restent à

371.0 1600.0 1232.0 69.0 Paris et assurent, avec Mademoiselle Peylade, le service bien

373.0 1664.0 1267.0 69.0 réduit de notre Bureau de la rue Pierre Curie. Il est essentiel

373.0 1739.0 1170.0 58.0 que notre organisation survive à la guerre ; elle sera plus

371.0 1803.0 1251.0 62.0 nécessaire que jamais ; on ne reconnaîtra que trop la nécessité

371.0 1861.0 1232.0 65.0 de reprendre notre oeuvre d'éducation, mais en ce moment elle

369.0 1929.0 1214.0 77.0 doit être infiniment réservée, sous peine d'être inopportune

371.0 1997.0 337.0 62.0 et inadmissible.
