<?xml version="1.0" encoding="UTF-8"?>
<alto xmlns:xsi="http://www.w3.org/2001/XMLSchema-instance"
      xmlns="http://www.loc.gov/standards/alto/ns-v4#"
      xsi:schemaLocation="http://www.loc.gov/standards/alto/ns-v4# http://www.loc.gov/standards/alto/v4/alto-4-2.xsd">
  <Description>
    <MeasurementUnit>pixel</MeasurementUnit>
    <sourceImageInformation>
      <fileName>FRAD072_12J387_lettre0599_004.jpg</fileName>
      
    </sourceImageInformation>
  </Description>
  
  <Layout>
    <Page WIDTH="1731"
          HEIGHT="2197"
          PHYSICAL_IMG_NR="245"
          ID="eSc_dummypage_">
      <PrintSpace HPOS="0"
                  VPOS="0"
                  WIDTH="1731"
                  HEIGHT="2197">
        

        
        <TextBlock ID="eSc_dummyblock_">
          
          
          <TextLine ID="eSc_line_fb03ad55"
                    
                    BASELINE="877 161 987 164" 
                    HPOS="875.0"
                    VPOS="131.0"
                    WIDTH="112.0"
                    HEIGHT="48.0">
            <Shape><Polygon POINTS="877 161 875 179 985 177 987 164 987 133 877 131 877 161"/></Shape>
	    <String CONTENT="- 4 -"
                    HPOS="875.0"
                    VPOS="131.0"
                    WIDTH="112.0"
                    HEIGHT="48.0"></String>
          </TextLine>

          
          
          <TextLine ID="eSc_line_eb7f9725"
                    
                    BASELINE="302 333 1492 327" 
                    HPOS="300.0"
                    VPOS="285.0"
                    WIDTH="1192.0"
                    HEIGHT="81.0">
            <Shape><Polygon POINTS="302 333 302 364 359 355 395 364 404 366 406 366 408 366 410 366 412 366 413 364 428 355 582 362 696 366 697 366 1491 349 1492 327 1487 298 1436 300 1423 298 1381 285 1379 285 1377 285 1375 285 1373 285 1355 298 1349 300 1309 298 1216 291 1214 291 1143 298 1115 300 1106 298 1084 291 1082 291 1080 291 1020 298 985 302 961 298 901 287 772 287 771 287 705 298 672 303 474 302 470 298 456 289 454 289 452 289 450 289 300 298 302 333"/></Shape>
	    <String CONTENT="annuelles à quatre ou cinq milliards près !!! c’est-à-dire"
                    HPOS="300.0"
                    VPOS="285.0"
                    WIDTH="1192.0"
                    HEIGHT="81.0"></String>
          </TextLine>

          
          
          <TextLine ID="eSc_line_7bf0c7d7"
                    
                    BASELINE="302 397 1591 397" 
                    HPOS="302.0"
                    VPOS="364.0"
                    WIDTH="1289.0"
                    HEIGHT="62.0">
            <Shape><Polygon POINTS="302 397 302 426 1591 417 1591 397 1589 364 302 364 302 397"/></Shape>
	    <String CONTENT="l’équivalent d&#39;une année de dépenses d&#39;avant-guerre. Il y a six"
                    HPOS="302.0"
                    VPOS="364.0"
                    WIDTH="1289.0"
                    HEIGHT="62.0"></String>
          </TextLine>

          
          
          <TextLine ID="eSc_line_e1631582"
                    
                    BASELINE="298 463 1525 459" 
                    HPOS="296.0"
                    VPOS="430.0"
                    WIDTH="1229.0"
                    HEIGHT="64.0">
            <Shape><Polygon POINTS="298 463 298 494 1524 485 1525 459 1520 430 296 432 298 463"/></Shape>
	    <String CONTENT="mois, M. Ribot parlait de 18 milliards. Aujourd&#39;hui c’est 25"
                    HPOS="296.0"
                    VPOS="430.0"
                    WIDTH="1229.0"
                    HEIGHT="64.0"></String>
          </TextLine>

          
          
          <TextLine ID="eSc_line_24eaf235"
                    
                    BASELINE="298 530 518 530" 
                    HPOS="298.0"
                    VPOS="490.0"
                    WIDTH="220.0"
                    HEIGHT="66.0">
            <Shape><Polygon POINTS="298 530 298 556 518 554 518 530 514 492 483 501 437 496 395 490 393 490 298 501 298 530"/></Shape>
	    <String CONTENT="milliards."
                    HPOS="298.0"
                    VPOS="490.0"
                    WIDTH="220.0"
                    HEIGHT="66.0"></String>
          </TextLine>

          
          
          <TextLine ID="eSc_line_73d6a6d7"
                    
                    BASELINE="697 595 1569 595" 
                    HPOS="697.0"
                    VPOS="558.0"
                    WIDTH="872.0"
                    HEIGHT="62.0">
            <Shape><Polygon POINTS="697 595 697 618 1567 620 1569 595 1569 569 1551 560 1549 560 1547 560 1439 569 1348 558 1346 558 1344 558 1307 571 1137 571 1058 558 1056 558 1055 558 1029 569 1016 558 1014 558 1012 558 1011 558 1009 558 981 567 928 558 926 558 925 558 893 569 875 560 873 560 871 560 870 560 868 560 853 571 697 571 697 595"/></Shape>
	    <String CONTENT="Notre Conseil Général de la Sarthe, dont il"
                    HPOS="697.0"
                    VPOS="558.0"
                    WIDTH="872.0"
                    HEIGHT="62.0"></String>
          </TextLine>

          
          
          <TextLine ID="eSc_line_bc084f55"
                    
                    BASELINE="298 664 1509 660" 
                    HPOS="296.0"
                    VPOS="626.0"
                    WIDTH="1213.0"
                    HEIGHT="60.0">
            <Shape><Polygon POINTS="298 664 298 686 1507 684 1509 660 1507 637 1487 626 1485 626 1483 626 1428 637 1273 637 1243 626 1241 626 1240 626 1238 626 1214 635 1080 626 1078 626 1014 635 1012 635 296 635 298 664"/></Shape>
	    <String CONTENT="faut bien dire que la composition, comme partout, est plutôt"
                    HPOS="296.0"
                    VPOS="626.0"
                    WIDTH="1213.0"
                    HEIGHT="60.0"></String>
          </TextLine>

          
          
          <TextLine ID="eSc_line_e26b04ac"
                    
                    BASELINE="298 732 1610 732" 
                    HPOS="298.0"
                    VPOS="697.0"
                    WIDTH="1312.0"
                    HEIGHT="59.0">
            <Shape><Polygon POINTS="298 732 298 756 1610 752 1610 732 1608 697 1560 708 1322 708 1304 699 1300 697 1298 697 1296 697 1282 699 1214 706 1190 699 1185 697 1183 697 1001 697 1000 697 998 697 990 699 976 706 956 701 947 697 945 697 943 697 941 697 932 701 914 708 740 708 723 701 710 697 708 697 707 697 663 701 615 706 298 704 298 732"/></Shape>
	    <String CONTENT="modeste, ne s’aventure pas en ces généralités et il a raison ; car"
                    HPOS="298.0"
                    VPOS="697.0"
                    WIDTH="1312.0"
                    HEIGHT="59.0"></String>
          </TextLine>

          
          
          <TextLine ID="eSc_line_105caf76"
                    
                    BASELINE="298 796 1467 800" 
                    HPOS="296.0"
                    VPOS="767.0"
                    WIDTH="1171.0"
                    HEIGHT="60.0">
            <Shape><Polygon POINTS="298 796 296 816 650 825 652 825 694 816 699 816 705 816 736 825 738 825 740 825 782 816 785 816 787 816 796 825 798 825 800 825 882 827 884 827 1005 818 1428 827 1430 827 1432 827 1465 816 1467 800 1463 767 298 768 298 796"/></Shape>
	    <String CONTENT="ceux de ses membres qui travaillent sont de moins en moins"
                    HPOS="296.0"
                    VPOS="767.0"
                    WIDTH="1171.0"
                    HEIGHT="60.0"></String>
          </TextLine>

          
          
          <TextLine ID="eSc_line_aef91e78"
                    
                    BASELINE="298 860 1639 869" 
                    HPOS="296.0"
                    VPOS="829.0"
                    WIDTH="1343.0"
                    HEIGHT="69.0">
            <Shape><Polygon POINTS="298 860 296 882 1635 898 1639 869 1639 842 298 829 298 860"/></Shape>
	    <String CONTENT="nombreux ; il y a là un mal sérieux auquel il faudra porter remède,"
                    HPOS="296.0"
                    VPOS="829.0"
                    WIDTH="1343.0"
                    HEIGHT="69.0"></String>
          </TextLine>

          
          
          <TextLine ID="eSc_line_d471e19f"
                    
                    BASELINE="298 930 1569 937" 
                    HPOS="296.0"
                    VPOS="897.0"
                    WIDTH="1273.0"
                    HEIGHT="62.0">
            <Shape><Polygon POINTS="298 930 296 955 1566 959 1569 937 1566 902 1276 909 1252 900 1251 900 1249 900 1236 900 937 908 298 897 298 930"/></Shape>
	    <String CONTENT="mais, en tous cas, l’inconnu de notre avenir financier n’en est"
                    HPOS="296.0"
                    VPOS="897.0"
                    WIDTH="1273.0"
                    HEIGHT="62.0"></String>
          </TextLine>

          
          
          <TextLine ID="eSc_line_cedde042"
                    
                    BASELINE="300 997 1626 1001" 
                    HPOS="300.0"
                    VPOS="968.0"
                    WIDTH="1326.0"
                    HEIGHT="60.0">
            <Shape><Polygon POINTS="300 997 300 1019 919 1019 923 1019 963 1028 965 1028 1624 1019 1626 1001 1622 968 300 970 300 997"/></Shape>
	    <String CONTENT="pas moins inquiétant ; il faut le constater. L’ignorance ou l&#39;in-"
                    HPOS="300.0"
                    VPOS="968.0"
                    WIDTH="1326.0"
                    HEIGHT="60.0"></String>
          </TextLine>

          
          
          <TextLine ID="eSc_line_06b8f409"
                    
                    BASELINE="296 1061 1511 1069" 
                    HPOS="294.0"
                    VPOS="1034.0"
                    WIDTH="1217.0"
                    HEIGHT="64.0">
            <Shape><Polygon POINTS="296 1061 294 1080 326 1093 327 1093 329 1093 514 1083 562 1093 881 1094 882 1094 884 1094 904 1085 939 1096 941 1096 943 1096 1135 1089 1219 1098 1221 1098 1509 1087 1511 1069 1509 1041 296 1034 296 1061"/></Shape>
	    <String CONTENT="différence générales, seraient une aggravation du mal.- N&#39;y"
                    HPOS="294.0"
                    VPOS="1034.0"
                    WIDTH="1217.0"
                    HEIGHT="64.0"></String>
          </TextLine>

          
          
          <TextLine ID="eSc_line_fe89d70f"
                    
                    BASELINE="298 1129 1606 1140" 
                    HPOS="298.0"
                    VPOS="1100.0"
                    WIDTH="1308.0"
                    HEIGHT="69.0">
            <Shape><Polygon POINTS="298 1129 298 1158 490 1151 509 1158 514 1162 516 1162 518 1162 714 1158 908 1157 985 1158 1174 1168 1175 1168 1229 1158 1238 1158 1240 1158 1252 1168 1254 1168 1256 1168 1258 1168 1366 1158 1386 1158 1399 1158 1474 1169 1476 1169 1604 1158 1606 1140 1604 1111 298 1100 298 1129"/></Shape>
	    <String CONTENT="plus rien comprendre ; ne plus savoir où donner de la tête, est-ce"
                    HPOS="298.0"
                    VPOS="1100.0"
                    WIDTH="1308.0"
                    HEIGHT="69.0"></String>
          </TextLine>

          
          
          <TextLine ID="eSc_line_7570abbc"
                    
                    BASELINE="296 1197 1208 1201" 
                    HPOS="294.0"
                    VPOS="1171.0"
                    WIDTH="914.0"
                    HEIGHT="61.0">
            <Shape><Polygon POINTS="296 1197 294 1215 337 1228 338 1228 340 1228 553 1221 602 1219 604 1221 611 1226 611 1228 613 1228 615 1228 617 1228 820 1224 1034 1221 1045 1228 1047 1230 1049 1230 1051 1230 1053 1232 1207 1232 1208 1201 1207 1177 296 1171 296 1197"/></Shape>
	    <String CONTENT="donc là notre ressource et celle des Alliés ?"
                    HPOS="294.0"
                    VPOS="1171.0"
                    WIDTH="914.0"
                    HEIGHT="61.0"></String>
          </TextLine>

          
          
          <TextLine ID="eSc_line_6ae426c2"
                    
                    BASELINE="296 1331 1544 1336" 
                    HPOS="296.0"
                    VPOS="1301.0"
                    WIDTH="1248.0"
                    HEIGHT="62.0">
            <Shape><Polygon POINTS="296 1331 296 1354 1073 1354 1088 1354 1212 1363 1214 1363 1542 1354 1544 1336 1542 1305 296 1301 296 1331"/></Shape>
	    <String CONTENT="resser que nous-mêmes de notre ruine. La France ruinée, c’est"
                    HPOS="296.0"
                    VPOS="1301.0"
                    WIDTH="1248.0"
                    HEIGHT="62.0"></String>
          </TextLine>

          
          
          <TextLine ID="eSc_line_4e01a3a0"
                    
                    BASELINE="696 1265 1626 1272" 
                    HPOS="694.0"
                    VPOS="1232.0"
                    WIDTH="932.0"
                    HEIGHT="60.0">
            <Shape><Polygon POINTS="696 1265 694 1292 1624 1292 1626 1272 1626 1244 1458 1235 1456 1235 1454 1235 1452 1235 1445 1243 1439 1248 1395 1248 1349 1243 1254 1233 1252 1233 1251 1233 1249 1233 1249 1235 1241 1243 1238 1244 1179 1243 1051 1235 1049 1235 996 1241 979 1243 976 1241 963 1232 961 1232 959 1232 958 1232 696 1239 696 1265"/></Shape>
	    <String CONTENT="Car les Alliés ne peuvent pas plus se désinté-"
                    HPOS="694.0"
                    VPOS="1232.0"
                    WIDTH="932.0"
                    HEIGHT="60.0"></String>
          </TextLine>

          
          
          <TextLine ID="eSc_line_b7bc40a9"
                    
                    BASELINE="298 1395 1624 1404" 
                    HPOS="296.0"
                    VPOS="1365.0"
                    WIDTH="1328.0"
                    HEIGHT="68.0">
            <Shape><Polygon POINTS="298 1395 296 1418 1121 1431 1122 1431 1339 1424 1353 1424 1359 1424 1423 1433 1425 1433 1622 1424 1624 1404 1622 1374 298 1365 298 1395"/></Shape>
	    <String CONTENT="l&#39;Europe instable ; c&#39;est la paix non rétablie, la guerre, la révo-"
                    HPOS="296.0"
                    VPOS="1365.0"
                    WIDTH="1328.0"
                    HEIGHT="68.0"></String>
          </TextLine>

          
          
          <TextLine ID="eSc_line_ddb1a694"
                    
                    BASELINE="298 1461 1342 1470" 
                    HPOS="296.0"
                    VPOS="1426.0"
                    WIDTH="1046.0"
                    HEIGHT="66.0">
            <Shape><Polygon POINTS="298 1461 296 1488 1339 1492 1342 1470 1339 1437 1042 1442 972 1433 970 1433 925 1442 820 1431 818 1431 816 1431 815 1431 815 1433 805 1442 738 1442 631 1429 630 1429 628 1429 626 1429 613 1440 509 1440 298 1426 298 1461"/></Shape>
	    <String CONTENT="lution menaçant tous les Etats voisins ou lointains."
                    HPOS="296.0"
                    VPOS="1426.0"
                    WIDTH="1046.0"
                    HEIGHT="66.0"></String>
          </TextLine>

          
          
          <TextLine ID="eSc_line_257d6dc1"
                    
                    BASELINE="296 1594 1562 1603" 
                    HPOS="294.0"
                    VPOS="1561.0"
                    WIDTH="1268.0"
                    HEIGHT="66.0">
            <Shape><Polygon POINTS="296 1594 294 1614 564 1627 566 1627 1560 1623 1562 1603 1560 1570 553 1572 296 1561 296 1594"/></Shape>
	    <String CONTENT="échapper aux graves dangers qui nous menacent. La faillite des"
                    HPOS="294.0"
                    VPOS="1561.0"
                    WIDTH="1268.0"
                    HEIGHT="66.0"></String>
          </TextLine>

          
          
          <TextLine ID="eSc_line_7529ea10"
                    
                    BASELINE="690 1532 1525 1537" 
                    HPOS="688.0"
                    VPOS="1504.0"
                    WIDTH="837.0"
                    HEIGHT="54.0">
            <Shape><Polygon POINTS="690 1532 688 1558 1524 1556 1525 1537 1524 1508 690 1504 690 1532"/></Shape>
	    <String CONTENT="Que les Etats-Unis ne pensent pas pouvoir"
                    HPOS="688.0"
                    VPOS="1504.0"
                    WIDTH="837.0"
                    HEIGHT="54.0"></String>
          </TextLine>

          
          
          <TextLine ID="eSc_line_22db6a6a"
                    
                    BASELINE="293 1664 884 1664" 
                    HPOS="293.0"
                    VPOS="1640.0"
                    WIDTH="591.0"
                    HEIGHT="57.0">
            <Shape><Polygon POINTS="293 1664 293 1697 884 1688 884 1664 884 1640 293 1640 293 1664"/></Shape>
	    <String CONTENT="uns sera la faillite de tous."
                    HPOS="293.0"
                    VPOS="1640.0"
                    WIDTH="591.0"
                    HEIGHT="57.0"></String>
          </TextLine>

          
          
          <TextLine ID="eSc_line_9e68e790"
                    
                    BASELINE="690 1731 1622 1737" 
                    HPOS="688.0"
                    VPOS="1704.0"
                    WIDTH="934.0"
                    HEIGHT="57.0">
            <Shape><Polygon POINTS="690 1731 688 1755 1619 1761 1622 1737 1621 1704 690 1704 690 1731"/></Shape>
	    <String CONTENT="Faites des voeux, mon cher Butler, pour que la"
                    HPOS="688.0"
                    VPOS="1704.0"
                    WIDTH="934.0"
                    HEIGHT="57.0"></String>
          </TextLine>

          
          
          <TextLine ID="eSc_line_1d6943de"
                    
                    BASELINE="293 1799 1652 1805" 
                    HPOS="291.0"
                    VPOS="1757.0"
                    WIDTH="1361.0"
                    HEIGHT="73.0">
            <Shape><Polygon POINTS="291 1825 1648 1830 1652 1805 1652 1763 1584 1763 1582 1763 1580 1763 1553 1777 1498 1768 1496 1768 1494 1768 1469 1779 1252 1779 1199 1761 1197 1761 1097 1761 1053 1761 1051 1761 1049 1761 1000 1775 837 1761 835 1761 747 1775 628 1775 584 1759 582 1759 544 1759 538 1759 536 1759 534 1759 533 1759 514 1775 326 1775 296 1757 293 1799 291 1825"/></Shape>
	    <String CONTENT="France se relève, dans l’intérêt du Nouveau-Monde comme de l&#39;Ancien ;"
                    HPOS="291.0"
                    VPOS="1757.0"
                    WIDTH="1361.0"
                    HEIGHT="73.0"></String>
          </TextLine>

          
          
          <TextLine ID="eSc_line_0699abda"
                    
                    BASELINE="289 1867 1337 1867" 
                    HPOS="289.0"
                    VPOS="1834.0"
                    WIDTH="1048.0"
                    HEIGHT="66.0">
            <Shape><Polygon POINTS="289 1867 289 1900 391 1891 1335 1896 1337 1867 1337 1838 289 1834 289 1867"/></Shape>
	    <String CONTENT="et aidez-nous pour ne pas être entrainés comme nous."
                    HPOS="289.0"
                    VPOS="1834.0"
                    WIDTH="1048.0"
                    HEIGHT="66.0"></String>
          </TextLine>

          
          
          <TextLine ID="eSc_line_38292598"
                    
                    BASELINE="987 1931 1567 1935" 
                    HPOS="985.0"
                    VPOS="1898.0"
                    WIDTH="582.0"
                    HEIGHT="68.0">
            <Shape><Polygon POINTS="987 1931 985 1953 1018 1964 1020 1964 1022 1964 1148 1957 1175 1955 1179 1957 1188 1964 1190 1964 1192 1964 1194 1964 1331 1960 1492 1957 1564 1966 1567 1935 1562 1900 1525 1909 1467 1900 1463 1900 1461 1900 1458 1900 1381 1909 1287 1900 1262 1898 1260 1898 1258 1898 1252 1900 1238 1907 987 1902 987 1931"/></Shape>
	    <String CONTENT="Votre affectueusement dévoué,"
                    HPOS="985.0"
                    VPOS="1898.0"
                    WIDTH="582.0"
                    HEIGHT="68.0"></String>
          </TextLine>

          
          
          <TextLine ID="eSc_line_5a27de1f"
                    
                    BASELINE="130 2026 954 2034" 
                    HPOS="128.0"
                    VPOS="1991.0"
                    WIDTH="826.0"
                    HEIGHT="72.0">
            <Shape><Polygon POINTS="130 2026 128 2056 950 2063 954 2034 952 2004 661 2004 642 2002 598 1995 597 1995 555 2002 533 2004 507 2001 443 1993 441 1993 439 1993 437 1993 428 2001 424 2004 329 2004 232 2002 230 2001 223 1993 223 1991 221 1991 219 1991 217 1991 130 1999 130 2026"/></Shape>
	    <String CONTENT="à Monsieur le Président Ni.Murray BUTLER"
                    HPOS="128.0"
                    VPOS="1991.0"
                    WIDTH="826.0"
                    HEIGHT="72.0"></String>
          </TextLine>

          
          
          <TextLine ID="eSc_line_daaa82b9"
                    
                    BASELINE="190 2094 368 2094" 
                    HPOS="190.0"
                    VPOS="2065.0"
                    WIDTH="178.0"
                    HEIGHT="56.0">
            <Shape><Polygon POINTS="190 2094 190 2116 366 2121 368 2094 368 2070 190 2065 190 2094"/></Shape>
	    <String CONTENT="annexes."
                    HPOS="190.0"
                    VPOS="2065.0"
                    WIDTH="178.0"
                    HEIGHT="56.0"></String>
          </TextLine>

          
          
          <TextLine ID="eSc_line_c5aa65e3"
                    
                    BASELINE="571 2067 758 2067" 
                    HPOS="571.0"
                    VPOS="2041.0"
                    WIDTH="187.0"
                    HEIGHT="62.0">
            <Shape><Polygon POINTS="571 2067 571 2103 758 2098 758 2067 758 2043 571 2041 571 2067"/></Shape>
	    <String CONTENT="NEW-YORK."
                    HPOS="571.0"
                    VPOS="2041.0"
                    WIDTH="187.0"
                    HEIGHT="62.0"></String>
          </TextLine>

          
          
          <TextLine ID="eSc_line_c0f7de07"
                    
                    BASELINE="1122 2006 1324 2008" 
                    HPOS="1121.0"
                    VPOS="1975.0"
                    WIDTH="203.0"
                    HEIGHT="106.0">
            <Shape><Polygon POINTS="1122 2006 1121 2032 1170 2034 1196 2050 1216 2065 1218 2065 1219 2065 1221 2065 1240 2061 1247 2059 1254 2065 1271 2079 1273 2079 1274 2079 1276 2081 1322 2081 1324 2008 1322 1980 1122 1975 1122 2006"/></Shape>
	    <String CONTENT="££"
                    HPOS="1121.0"
                    VPOS="1975.0"
                    WIDTH="203.0"
                    HEIGHT="106.0"></String>
          </TextLine>

          
        </TextBlock>
        
      </PrintSpace>
    </Page>
  </Layout>
</alto>
