1745 2197
774.0 54.0 123.0 54.0 - 4 -

371.0 106.0 1304.0 75.0 bilisée avec la nation armée ; spectacle admirable, unique. L'Em

375.0 184.0 1302.0 63.0 pire Allemand ne se doute pas que son agression stupide, sa vio-

379.0 243.0 1281.0 71.0 lation barbare des droits et des traités ont soulevé contre lui

379.0 314.0 1203.0 72.0 tous les hommes libres de l’Europe. La résistance de Li ège

377.0 380.0 1225.0 74.0 prouve ce que nous avons dit tant de fois ; que la paix labo-

379.0 444.0 1241.0 66.0 rieuse, loin d’amollir les courages, les exalte et peut tenir

382.0 521.0 1201.0 59.0 le militarisme en échec ; dans toute la Belgique, comme dans

382.0 584.0 1264.0 69.0 toute la France, comme en Suisse, en Danemark, en Hollande, en

382.0 651.0 1298.0 72.0 Norvège, etc., le sentiment d'un devoir sacré s'est répandu com-

382.0 726.0 1245.0 55.0 me un irrésistible incendie ; c’est la guerre sainte qui s'or-

384.0 781.0 1241.0 70.0 ganise avec le secours du progr ès scientifique le plus redou-

384.0 862.0 1205.0 53.0 table ; partout on entend prononcer ces mots ; " La Prusse ne

386.0 928.0 1225.0 64.0 fera pas de nous une nouvelle Alsace-Lorraine ! Elle ne nous

380.0 986.0 1289.0 77.0 prendra pas malgré nous; Quelle morale et quel chatiment de la €c€

386.0 1065.0 220.0 66.0 conquête !

585.0 1118.0 1050.0 72.0 Et quand on pense que la seule Serbie, d’autre part,

386.0 1191.0 1260.0 59.0 bien qu’épuisée par deux guerres atroces, suffit à tenir l'Im-

386.0 1263.0 1283.0 62.0 périale Autriche en échec ; quand on voit l'Italie rester neutre

388.0 1325.0 1237.0 60.0 et, en réalité, hostile à l'Autriche, la Russie ouvrir lente-

386.0 1389.0 1227.0 70.0 ment, inexorablement son réservoir d’hommes et de ressources

390.0 1462.0 1257.0 55.0 et d’énergies innombrables sur la frontière orientale de l'Al-

390.0 1532.0 1281.0 62.0 lemagne, on se demande si vraiment les pangermanistes allemands

390.0 1592.0 1214.0 68.0 n’auront pas été pour leur pays le véritable fléau de Dieu;

393.0 1662.0 1275.0 64.0 ils ont isolé leur patrie que les Goethe, les Kant, les Beetho-

391.0 1730.0 1220.0 58.0 ven avaient faite si humaine, si grande, et qui ne demandait

391.0 1799.0 1202.0 55.0 qu’à vivre et à prospérer, pour la livrer à l'éxécration du

390.0 1860.0 1239.0 66.0 monde. Il en a été de même jadis pour la France , quand elle

390.0 1927.0 1221.0 72.0 a cédé aux influences chauvines ; aujourd'hui elle a d’autant
