1733 2197
848.0 183.0 119.0 60.0 - 4 -

388.0 274.0 1268.0 72.0 créée la légende contre PAINLEVÉ et contre le parti républicain.

384.0 422.0 1218.0 61.0 années et demie de disgrâce. Je vous ai transmis sa réplique

544.0 349.0 1018.0 73.0 Heureusement PAINLEVÉ a pu se défendre, après deux

390.0 496.0 1253.0 53.0 et à la Chambre et dans son livre. Mais je constate que cette

386.0 560.0 1161.0 55.0 défense trouve de l'écho. Je vous signale les articles XX

392.0 624.0 1170.0 57.0 ci-joints d’une revue "L'OPINION" qui n!est pas cependant

388.0 688.0 1249.0 71.0 suspecte de partialité et qui vien€t€££/de paraître sous ce titre:

393.0 761.0 409.0 55.0 "L'Affaire NIVELLE".

392.0 889.0 1273.0 70.0 trent à nu le mécanisme de la calomnie internationale partie de

551.0 831.0 1053.0 51.0 Ces articles m’intéressent surtout parce qu’ils mon-

392.0 972.0 1258.0 55.0 Paris pour New York, puis répandue de là dans le monde entier.-

545.0 1032.0 400.0 59.0 Ab uno disce omnes.

688.0 1136.0 581.0 48.0 Votre affectueusement dévoué

1057.0 1186.0 414.0 91.0 ££

232.0 1285.0 814.0 78.0 à Monsieur le Président N. Murray BUTLER

403.0 1367.0 199.0 84.0 NEW YORK

258.0 1446.0 196.0 79.0 ££
