1747 2197
1212.0 49.0 337.0 70.0 ££ ££ ££ ££

1322.0 108.0 122.0 51.0 ££

216 104 208 185 ££

1021.0 195.0 372.0 66.0 PARIS, 12 mai 1919

822.0 461.0 392.0 60.0 Mon cher Président,

520.0 554.0 1106.0 70.0 J’ai appris par Melle PEYLADE que vous attendiez de moi

362.0 622.0 1284.0 66.0 une lettre relative aux relèvements de traitement qui paraissent

364.0 693.0 1306.0 64.0 s’imposer pour le personnel de notre Bureau européen. Depuis bien

362.0 752.0 1317.0 73.0 longtemps, en effet, j’avais recu à ce sujet de nos collaborateurs

360.0 829.0 1306.0 60.0 des réflexions et des confidences. Mais il nous avait semblé, aux

358.0 891.0 1229.0 72.0 uns et aux autres, que le ralentissement amené nécessairement

357.0 955.0 1331.0 75.0 dans la vie du bureau par la guerre nous faisait un devoir d’atten-

360.0 1032.0 1302.0 64.0 dre des jours plus favorables. Voci que la paix devient enfin une

357.0 1091.0 1258.0 71.0 réalité. Elle va amener un retour à notre activité d’autrefois,

358.0 1164.0 1321.0 73.0 avec un renouvellement probable de nos initiatives et de nos modes

355.0 1232.0 199.0 49.0 d'action.

512.0 1288.0 1126.0 66.0 Mais cette paix, contrairement à ce que l'on pouvait es-

353.0 1358.0 1284.0 62.0 pérer, est loin d’avoir déterminé une diminution dans le coût de

353.0 1431.0 1263.0 64.0 la vie. L'épuisement des stocks de produits, l’interdiction des

353.0 1495.0 1298.0 63.0 importations, l’augmentation constante des valeurs fiduciaires en

349.0 1561.0 1282.0 57.0 circulation - on vient d'émettre le quarantième milliard de bil-

349.0 1629.0 1280.0 66.0 lets, - tout cela n’a fait qu’aggraver la situation. De là, dans

351.0 1700.0 1276.0 61.0 toutes les carrières, pour tous les emplois, un inévitable relè-

349.0 1766.0 1295.0 59.0 vement des salaires, des traitements et des soldes. Hier même, je

347.0 1832.0 1220.0 68.0 lisais dans les journaux du 11 mai que le/Ministre des Travaux

108.0 1913.0 1005.0 75.0 à Monsieur le Président d'ESTOURNELLES de CONSTANT

412.0 1971.0 170.0 44.0 Sénateur

349.0 1997.0 548.0 62.0 34 ter rue Molitor PARIS
