1735 2197
982.0 148.0 137.0 55.0 - 22 -

430.0 281.0 1178.0 65.0 félicitant du succès de cette première réunion qui inaugure

428.0 347.0 1123.0 63.0 heureusement le retour du Bureau Européen à son activité

430.0 410.0 368.0 75.0 d’avant la guerre.

701.0 508.0 607.0 79.0 La séance est levée à 5 h 1/2.

423.0 730.0 300.0 70.0 M. SALVEMINI.-

785.0 721.0 838.0 79.0 Délégué italien à la réunion des Associa-

423.0 798.0 1181.0 69.0 tions alliées pour la Société des Nations, mis en partie au

423.0 867.0 1178.0 63.0 courant des délibérations du Conseil touchant à la création

421.0 933.0 1143.0 53.0 d'un grand quotidien, appuie chaleureusement la motion de

419.0 999.0 1123.0 61.0 M. d'ESTOURNELLES de CONSTANT. Le sentiment unanime des

419.0 1061.0 1145.0 66.0 organisations italiennes, dit-il, est qu'il n'y a rien de

421.0 1129.0 1099.0 59.0 plus urgent que la création d'un tel journal qui ferait

419.0 1188.0 1198.0 75.0 contre poids à tant d’autres feuilles, véritables "fabriques

417.0 1248.0 270.0 70.0 d'explosifs".

714.0 1323.0 867.0 61.0 Il préconise la création d’un journal de ce

415.0 1396.0 1103.0 59.0 genre dans chacun des grands pays alliés. Ces journaux

419.0 1461.0 1162.0 56.0 "nationaux", auraient en commun une agence d 'informations

415.0 1528.0 1199.0 62.0 qui demeurerait indépendante des agences gouvernementales ou

414.0 1587.0 1234.0 68.0 privées, et dont une des fonctions, - la principale peut-être, -

414.0 1651.0 1214.0 62.0 serait de contrôler les nouvelles et de ne mettre en circula-

412.0 1724.0 1161.0 51.0 tion que les dépêches reconnues véridiques. On obligerait

419.0 1761.0 1173.0 51.0 ainsi même les agences gouvernementales à ne donner que des

419.0 1792.0 1169.0 55.0 informations sérieuses et on éviterait d'avoir à rectifier

421.0 1823.0 1205.0 60.0 toutes les nouvelles fausses qui sont lancées si délibérément

423.0 1858.0 1081.0 64.0 et dont la portée néfaste est quelquefois incalculable.
