1747 2197
835.0 195.0 131.0 77.0 - 3 -

380.0 327.0 1284.0 72.0 un nouvel exercice financier dont il faut, dès à présent, prépa-

380.0 406.0 1225.0 55.0 rer les éléments. Dans les prévisions de budget que vous avez

382.0 465.0 1266.0 62.0 bien voulu établir et transmettre le 1er janvier dernier à M. le

380.0 541.0 1317.0 57.0 Président N. Murray BUTLER (annexe à la lettre 462), vous écriviez

384.0 606.0 1284.0 65.0 "...Après la guerre. – Il y a lieu de prévoir en outre en raison

380.0 675.0 1302.0 60.0 de l'augmentation du prix de toutes choses, la nécessité d’accor-

379.0 737.0 1208.0 57.0 der des augmentations de traitement ou des indemmités de vie

379.0 811.0 1243.0 49.0 chère..... Les dépenses du Bureau seront approximativement les

377.0 869.0 1283.0 62.0 suivantes ; 1ère Partie. A. - Augmentation du chiffre des traite-

379.0 941.0 1311.0 67.0 ments d'indemnités de vie chère (en moyenne mille francs par per-

377.0 1010.0 965.0 57.0 sonne employée), soit, pour 9 personnes.....

1410.0 1016.0 212.0 56.0 9.000 Frs

531.0 1107.0 1126.0 57.0 Avant de faire état de ces prévisions, il convient d’en-

373.0 1173.0 1282.0 64.0 visager la situation présente. Les chiffres mensuels des traite-

373.0 1239.0 1121.0 68.0 ments de notre personnel sont actuellement les suivants:

373.0 1298.0 930.0 69.0 Secrétaire Général du Bureau (M. PRUDHOMMEAUX)

1457.0 1305.0 145.0 62.0 583,33

373.0 1373.0 375.0 53.0 Secrétaire-adjoint

944.0 1369.0 220.0 66.0 (M. PUECH)

1459.0 1376.0 139.0 63.0 416,00

371.0 1437.0 495.0 60.0 Vérificateur des comptes

941.0 1448.0 340.0 56.0 (M. Th. RUYSSEN)

1459.0 1444.0 143.0 57.0 250,00

375.0 1503.0 416.0 55.0 Secrétaire comptable

946.0 1512.0 291.0 53.0 (Mlle PEYLADE)

1459.0 1515.0 136.0 55.0 350,00

373.0 1570.0 493.0 59.0 Secrétaire dactylographe

941.0 1569.0 295.0 71.0 (Mlle BERUBET)

1457.0 1574.0 138.0 66.0 300,00

368.0 1634.0 225.0 66.0 Archiviste

943.0 1640.0 271.0 73.0 (Mlle AMELOT)

1454.0 1649.0 141.0 57.0 100,00

369.0 1700.0 341.0 63.0 M. Fr. BOUSSARIE

1481.0 1713.0 117.0 53.0 35,00

373.0 1774.0 258.0 60.0 M. LEPECHEUX

1477.0 1770.0 123.0 64.0 20,00

525.0 1863.0 1070.0 75.0 Mlle AMELOT touche en outre par mois 20 francs comme

366.0 1940.0 1305.0 61.0 bibliothécaire de la Bibliothèque PASSY et, depuis le 1er janvier
