1747 2197
866.0 137.0 300.0 77.0 LETTRE N° 497.

172.0 227.0 227.0 86.0 SÉNAT

274 64 255 163 ££

1177.0 254.0 396.0 81.0 PARIS, 7 Mars 1919.

694.0 439.0 584.0 80.0 PROPAGANDE ANTI-ALCOOLIQUE .

957.0 606.0 339.0 62.0 Mon cher Butler,

395.0 834.0 1200.0 66.0 programme des conférence cinématographiques que la Ligue Anti-

688.0 774.0 872.0 48.0 Je vous envoie ci-joint le très-intéressant

397.0 908.0 1121.0 67.0 alcoolique Française (147, Dû. Saint-Germain ; me prie de

399.0 974.0 1179.0 65.0 vous recommander. Il s’agit de conférences vraiment extra-

399.0 1036.0 1159.0 66.0 ordinaires de l'ancien ouvrier Gustave Cauvin qui, dans sa

395.0 1111.0 1181.0 58.0 généreuse passion d’apôtre, malgré son manque d’instruction

395.0 1171.0 1099.0 57.0 et de ressources, est arrivé à faire sensation dans les

393.0 1230.0 1185.0 68.0 milieux réputés les plus réfractaires, par sa propagande en

395.0 1298.0 1196.0 54.0 faveur des victimes de l'alcool. En se servant très habile-

395.0 1374.0 1159.0 43.0 ment du cinéma, il a fait de ses conférences de véritables

397.0 1440.0 1198.0 44.0 représentations sensationnelles, ce qu’il appelle : "un/grand

395.0 1499.0 1196.0 51.0 drame social", qui peuvent se donner dans toutes les langues

395.0 1572.0 451.0 57.0 et dans tous les pays.

395.0 1700.0 1104.0 59.0 DEBOVE, vous demande si vous ne pourriez pas l’aider en

666.0 1623.0 927.0 72.0 La Ligue Française, présidée par le Professeur

393.0 1768.0 1141.0 48.0 invitant Gustave Cauvin à venir donner aux Etats-Unis ses

393.0 1829.0 1141.0 69.0 conférences, qui n’auraient pour ainsi dire pas besoin de

188.0 2017.0 929.0 71.0 à Monsieur le Président Nicholas Murray BUTLER.
