1745 2197
873.0 126.0 112.0 60.0 - 3 -

402.0 252.0 1236.0 73.0 39 millions d'habitants, nous avons 1.385.000 soldats et marins

401.0 333.0 1199.0 58.0 tués, sans compter les disparus. Il y a, en outre, beaucoup

399.0 395.0 1203.0 59.0 plus de 2 millions de blessés, malades ou invalides, soit un

399.0 465.0 1237.0 60.0 total qui n'est pas loin de quatre millions d’hommes manquants

397.0 527.0 1133.0 58.0 ou invalides, sur neuf millions de Français mobilisés....

732.0 591.0 412.0 57.0 Comprenez bien ceci:

730.0 662.0 868.0 53.0 Non seulement quatre millions, c’est-à-dire

397.0 725.0 1164.0 60.0 plus de 10 $ des Français, la partie la plus robuste et la

397.0 789.0 1179.0 60.0 plus active du pays ne travailleront plus, ou travailleront

397.0 856.0 1228.0 63.0 peu, mais le reste de la population devra travailler pour eux,

399.0 931.0 1215.0 55.0 les servir avant de se servir. Et ce sera juste. - Sera-€t€-ce

558.0 900.0 244.0 42.0 ££ ££ ££ ££

397.0 997.0 1141.0 53.0 possible ? Tout est là. On évalue le chiffre annuel des

397.0 1054.0 1254.0 60.0 pensions à prévoir à 4 milliards et, sur ces pensions trop jus-

397.0 1120.0 1183.0 62.0 tifiées, nul n'osera proposer de faire des économies. Bien

397.0 1190.0 1210.0 58.0 plus, et même avec économie, il restera quantité de "secours"

397.0 1252.0 1196.0 58.0 imprévus et inévitables, des soins médicaux, chirurgicaux et

397.0 1323.0 1217.0 59.0 pharmaceutiques nécessités par la blessure ou la maladie con-

395.0 1385.0 1285.0 61.0 tractée ou aggravée, etc... etc...etc.... Et parmi ces maladies,

401.0 1462.0 1149.0 46.0 il est des affections internes à longue échéance, dues aux

1450.0 1428.0 133.0 56.0 ££

399.0 1517.0 1239.0 63.0 intoxications par les gaz, et dont il est impossible d'évaluer,

391.0 1585.0 1185.0 55.0 nous dit-on, les conséquences financières. Les dépenses de

393.0 1660.0 1183.0 59.0 première urgence vont être, en France, les cimetières et/les

391.0 1717.0 1081.0 55.0 hopitaux. Ce n'est pas tout ; il est impossible aussi

393.0 1785.0 1240.0 60.0 d'évaluer quel sera le nombre des parents, enfants, ascendants

395.0 1852.0 1190.0 59.0 ou autres qui auront droit aux pensions ; et ainsi de suite.
