1743 2197
917.0 131.0 124.0 63.0 - 3 -

635.0 298.0 908.0 77.0 La guerre ne nous aura donc rien appris. On

357.0 369.0 1305.0 68.0 s’en prend de ses déceptions à ses conséquences, au lieu de s'en

357.0 437.0 1261.0 64.0 prendre à elle-même ; à la révolution ou aux menaces de révolu-

357.0 499.0 1224.0 77.0 tion et non à elle qui les enfante. Nous n’aurons nullement

353.0 567.0 976.0 66.0 profité du fameux enseignement des catastrophes.

653.0 637.0 927.0 66.0 Il faut dire que les catastrophes de ces cinq

351.0 710.0 1177.0 62.0 dernières années ont tellement épuisé et frappé la France,

353.0 779.0 1280.0 63.0 qu'il faut lui laisser quelques années de crédit pour se remet-

351.0 836.0 1241.0 73.0 tre. Les élections générales du 16 Novembre sont le résultat

347.0 913.0 1245.0 66.0 de la fatigue du pays et de ses divisions. Les conservateurs

347.0 977.0 1225.0 73.0 ont réussi à s’unir aux républicains modérés pour résister à

349.0 1045.0 1181.0 64.0 des audacieux devenus timides pour le plus grand nombre et

347.0 1107.0 1185.0 75.0 inorganisés. Mais maintenant sauront-ils profiter de leur

344.0 1177.0 1203.0 67.0 victoire et de la victoire de la France contre leurs adver-

342.0 1244.0 1265.0 77.0 saires désemparés ? J'en doute. Ces adversaires n’auront pas

342.0 1318.0 1205.0 58.0 de peine, à leur tour, à nouer des coalitions offensives ou

342.0 1384.0 1241.0 71.0 défensives. La réforme électorale néfaste, pourra être modi-

342.0 1446.0 1241.0 75.0 fiée. Et si les conservateurs n'aboutissent qu’à aggraver la

340.0 1510.0 1240.0 80.0 déception générale, les mécontentements formeront de nouveau

336.0 1574.0 334.0 70.0 bloc contre eux.

640.0 1647.0 978.0 75.0 Tout cela demandera du temps ! La France pouvait

331.0 1713.0 1267.0 70.0 s'épargner, après les épreuves de la guerre, celle d’une tran-

335.0 1788.0 1175.0 72.0 sition à mon sens si vaine, si douloureuse et si coûteuse.
