1768 2197
901.0 151.0 81.0 66.0 - 21 -

340.0 309.0 1255.0 68.0 le vin, leurs parfums comme la fleur ; les plus subtils parfums,

338.0 391.0 1327.0 53.0 non pas celui des gros raisins muscats, des fruits exotiques, mais

342.0 454.0 1103.0 58.0 je ne sais quel charme indéfinissable comme un sourire.

696.0 514.0 949.0 64.0 Enfin j'ai déjeuné à Sceaux-s/Huisnes et quand

340.0 585.0 1224.0 53.0 je suis, le surlendemain, rentré à Créans, on a prétendu, non

340.0 646.0 1323.0 69.0 sans vérité peut-être, que je n'en disais pas autant de la cuisine

340.0 712.0 1316.0 69.0 de chez moi. Et la raison en est bien simble ; c’est que person,e

342.0 778.0 1301.0 56.0 dans une grande maison, n’a le pouvoir de s’occuper d’un déjeuner

338.0 847.0 1268.0 59.0 comme il faudrait ; il n’y a que Louis XIV qui ait pu manger un

338.0 915.0 1138.0 53.0 gigot comme celui de Sceaux- s/Huisnes, et encore s'il l'a

338.0 984.0 1237.0 59.0 découpé : Quoi qu'il en soit j’ai déjeuné à Sceaux-s/Huisnes,

337.0 1049.0 1354.0 58.0 voilà le fait, ou pour mieux dire, j’ai déjeuné au pays de Rabelais

338.0 1105.0 1228.0 72.0 car la Touraine et le Maine se touchent et se ressemblent par

338.0 1173.0 1305.0 70.0 bien des côtés. Demain, quand je déjeunerai à Chataigne, au pays

338.0 1248.0 1204.0 55.0 des vignobles célèbres de la vallée du Loir, ce sera le même

338.0 1307.0 1307.0 67.0 festin familial, avec cette différence, en plus, qu'on me sortira

337.0 1374.0 1234.0 66.0 des grandes caves, qui sont une des spécialités de la contrée,

340.0 1439.0 1340.0 62.0 quelques vieilles bouteilles des meilleures années et des meilleurs

338.0 1506.0 1266.0 66.0 crus. Nos vins de la Sarthe n'ont pas grande réputation ; il en

1077.0 1486.0 187.0 44.0 ££

337.0 1580.0 1223.0 56.0 est ainsi de beaucoup d’autres crus en France, qui rivalisent

335.0 1638.0 1286.0 66.0 cependant avec nos grandes marques de la Bourgogne, du Bordelais

337.0 1702.0 1264.0 62.0 et de la Champagne, mais nous les consommons sur place ; on les

333.0 1779.0 1189.0 57.0 garde pour les déguster entre amis et aux jours de fête, en

337.0 1843.0 1212.0 57.0 famille, plus qu'on ne les vend. Nos cidres sont supérieurs,

327.0 1911.0 1294.0 66.0 aussi, en certaines localités, tout près de Créans, à ceux de la

333.0 1966.0 214.0 69.0 Normandie.
