<?xml version="1.0" encoding="UTF-8"?>
<alto xmlns:xsi="http://www.w3.org/2001/XMLSchema-instance"
      xmlns="http://www.loc.gov/standards/alto/ns-v4#"
      xsi:schemaLocation="http://www.loc.gov/standards/alto/ns-v4# http://www.loc.gov/standards/alto/v4/alto-4-2.xsd">
  <Description>
    <MeasurementUnit>pixel</MeasurementUnit>
    <sourceImageInformation>
      <fileName>FRAD072_12J387_lettre0599_003.jpg</fileName>
      
    </sourceImageInformation>
  </Description>
  
  <Layout>
    <Page WIDTH="1740"
          HEIGHT="2197"
          PHYSICAL_IMG_NR="244"
          ID="eSc_dummypage_">
      <PrintSpace HPOS="0"
                  VPOS="0"
                  WIDTH="1740"
                  HEIGHT="2197">
        

        
        <TextBlock ID="eSc_dummyblock_">
          
          
          <TextLine ID="eSc_line_65b0531e"
                    
                    BASELINE="906 166 1023 162" 
                    HPOS="904.0"
                    VPOS="120.0"
                    WIDTH="119.0"
                    HEIGHT="70.0">
            <Shape><Polygon POINTS="906 166 906 179 961 190 963 190 1023 175 1023 162 1018 120 904 139 906 166"/></Shape>
	    <String CONTENT="- 3 -"
                    HPOS="904.0"
                    VPOS="120.0"
                    WIDTH="119.0"
                    HEIGHT="70.0"></String>
          </TextLine>

          
          
          <TextLine ID="eSc_line_fbe62752"
                    
                    BASELINE="582 335 1659 325" 
                    HPOS="580.0"
                    VPOS="287.0"
                    WIDTH="1079.0"
                    HEIGHT="79.0">
            <Shape><Polygon POINTS="582 335 582 355 785 366 787 366 789 366 822 355 928 364 930 364 992 355 1005 364 1007 364 1009 364 1011 364 1012 364 1038 353 1089 362 1091 362 1170 353 1357 360 1359 360 1450 349 1631 358 1633 358 1635 358 1659 346 1659 325 1655 296 1470 287 1468 287 1467 287 1446 294 1437 300 1285 300 1280 294 1272 287 1271 287 1269 287 1225 287 1223 287 1168 294 1146 296 1137 294 1122 289 1120 289 1119 289 1117 289 1115 289 1108 294 1098 300 1027 294 1009 292 1007 292 1005 292 1003 292 985 302 761 292 736 292 734 292 730 292 681 303 644 292 642 292 641 292 639 292 608 303 580 292 582 335"/></Shape>
	    <String CONTENT="L&#39;agent voyer en chef du Département, touchait 10.000"
                    HPOS="580.0"
                    VPOS="287.0"
                    WIDTH="1079.0"
                    HEIGHT="79.0"></String>
          </TextLine>

          
          
          <TextLine ID="eSc_line_b9e540c6"
                    
                    BASELINE="333 402 1620 393" 
                    HPOS="331.0"
                    VPOS="355.0"
                    WIDTH="1289.0"
                    HEIGHT="77.0">
            <Shape><Polygon POINTS="333 402 333 432 1619 415 1620 393 1615 355 1357 367 1333 358 1331 358 1329 358 1327 358 1302 367 1230 358 1228 358 1166 367 1108 358 1104 358 1102 358 1100 358 1075 369 870 360 853 360 851 360 829 360 584 373 331 366 333 402"/></Shape>
	    <String CONTENT="francs ; il en touchera 18.000, et encore cette augmentation est"
                    HPOS="331.0"
                    VPOS="355.0"
                    WIDTH="1289.0"
                    HEIGHT="77.0"></String>
          </TextLine>

          
          
          <TextLine ID="eSc_line_d1e94e9a"
                    
                    BASELINE="329 470 1600 457" 
                    HPOS="327.0"
                    VPOS="430.0"
                    WIDTH="1273.0"
                    HEIGHT="66.0">
            <Shape><Polygon POINTS="329 470 329 496 1036 496 1036 494 1038 494 1047 492 1071 485 1199 490 1234 492 1236 492 1238 492 1243 490 1278 483 1401 490 1415 490 1417 490 1419 490 1421 490 1437 481 1597 488 1600 457 1597 430 728 430 727 430 652 439 639 439 622 439 507 432 505 432 503 432 501 432 501 433 500 433 494 441 494 443 327 443 329 470"/></Shape>
	    <String CONTENT="relativement moindre que celle de ses subordonnés. Les agents-"
                    HPOS="327.0"
                    VPOS="430.0"
                    WIDTH="1273.0"
                    HEIGHT="66.0"></String>
          </TextLine>

          
          
          <TextLine ID="eSc_line_9c0fee4f"
                    
                    BASELINE="331 536 1582 527" 
                    HPOS="329.0"
                    VPOS="496.0"
                    WIDTH="1253.0"
                    HEIGHT="69.0">
            <Shape><Polygon POINTS="331 536 331 562 417 556 424 562 428 565 430 565 432 565 434 565 435 565 443 562 463 552 527 562 554 565 556 565 582 562 620 556 752 562 780 562 782 562 783 562 787 562 829 549 864 560 866 560 868 560 870 560 915 549 943 562 946 562 948 562 950 562 952 562 954 560 974 551 1159 560 1170 560 1172 560 1175 560 1256 547 1313 558 1315 558 1316 558 1318 558 1335 545 1360 554 1362 554 1364 554 1413 547 1578 558 1582 527 1576 496 778 507 739 507 580 499 578 499 576 499 575 499 562 508 560 508 556 508 518 501 516 501 329 510 331 536"/></Shape>
	    <String CONTENT="voyers d&#39;arrondissement , qui touchaient 6.000 frs en touchent"
                    HPOS="329.0"
                    VPOS="496.0"
                    WIDTH="1253.0"
                    HEIGHT="69.0"></String>
          </TextLine>

          
          
          <TextLine ID="eSc_line_081651cb"
                    
                    BASELINE="331 604 1576 595" 
                    HPOS="329.0"
                    VPOS="560.0"
                    WIDTH="1247.0"
                    HEIGHT="64.0">
            <Shape><Polygon POINTS="331 604 331 624 1575 622 1576 595 1569 560 1547 569 1373 562 1327 560 1326 560 1324 560 1322 560 1320 562 1304 573 1111 573 1097 563 1095 562 1093 562 1091 562 1089 562 1073 563 1020 574 904 574 891 565 890 563 888 563 886 563 884 563 871 565 824 574 780 565 772 565 771 565 763 567 725 574 681 567 666 565 664 565 639 567 549 576 514 569 505 567 503 567 329 569 331 604"/></Shape>
	    <String CONTENT="12.000 : juste le double. Et ainsi de suite ; voyez le tableau."
                    HPOS="329.0"
                    VPOS="560.0"
                    WIDTH="1247.0"
                    HEIGHT="64.0"></String>
          </TextLine>

          
          
          <TextLine ID="eSc_line_3a3a27a9"
                    
                    BASELINE="606 668 1584 664" 
                    HPOS="604.0"
                    VPOS="633.0"
                    WIDTH="980.0"
                    HEIGHT="62.0">
            <Shape><Polygon POINTS="606 668 606 695 1582 682 1584 664 1580 638 604 633 606 668"/></Shape>
	    <String CONTENT="Le total se chiffre par des millions et des mil-"
                    HPOS="604.0"
                    VPOS="633.0"
                    WIDTH="980.0"
                    HEIGHT="62.0"></String>
          </TextLine>

          
          
          <TextLine ID="eSc_line_7ec62fb4"
                    
                    BASELINE="333 737 1639 730" 
                    HPOS="331.0"
                    VPOS="693.0"
                    WIDTH="1308.0"
                    HEIGHT="77.0">
            <Shape><Polygon POINTS="333 737 333 757 545 768 547 768 604 759 652 770 653 770 655 770 859 768 860 768 901 757 972 767 974 767 976 767 1003 756 1007 756 1126 756 1130 756 1150 767 1152 767 1153 767 1155 767 1192 756 1196 756 1197 756 1239 767 1241 767 1243 767 1245 767 1272 756 1274 756 1302 767 1304 767 1305 767 1637 754 1639 730 1633 701 1426 704 1399 703 1315 693 1313 693 1205 704 1179 706 1175 704 1168 697 1166 697 1164 697 1163 697 1122 704 1120 704 1119 704 1044 695 1042 695 1040 695 1038 695 1027 706 1025 706 1014 706 904 697 902 697 901 697 879 708 877 710 778 710 772 708 675 697 674 697 672 697 633 710 631 712 529 712 518 712 474 699 472 699 470 699 421 710 402 699 401 699 399 699 397 699 331 712 333 737"/></Shape>
	    <String CONTENT="lions, à multiplier par le chiffre de tous nos départements, sans"
                    HPOS="331.0"
                    VPOS="693.0"
                    WIDTH="1308.0"
                    HEIGHT="77.0"></String>
          </TextLine>

          
          
          <TextLine ID="eSc_line_2d9e9d4e"
                    
                    BASELINE="331 800 763 796" 
                    HPOS="329.0"
                    VPOS="761.0"
                    WIDTH="434.0"
                    HEIGHT="77.0">
            <Shape><Polygon POINTS="331 800 331 827 410 838 412 838 413 838 428 831 430 829 432 831 443 838 445 838 446 838 448 838 450 838 476 831 494 827 514 833 540 838 542 838 543 838 580 833 637 825 659 834 663 836 664 836 666 838 761 838 763 796 758 761 617 770 597 767 578 761 576 761 575 761 573 761 556 767 542 772 489 770 377 763 375 763 373 763 329 774 331 800"/></Shape>
	    <String CONTENT="compter nos colonies."
                    HPOS="329.0"
                    VPOS="761.0"
                    WIDTH="434.0"
                    HEIGHT="77.0"></String>
          </TextLine>

          
          
          <TextLine ID="eSc_line_2fc506af"
                    
                    BASELINE="626 1036 1600 1030" 
                    HPOS="624.0"
                    VPOS="988.0"
                    WIDTH="976.0"
                    HEIGHT="75.0">
            <Shape><Polygon POINTS="626 1036 626 1054 868 1063 870 1063 934 1054 948 1052 959 1054 1001 1061 1003 1061 1598 1050 1600 1030 1593 988 1567 999 1465 990 1456 990 1454 990 1452 990 1450 990 1435 999 1256 994 1188 992 1186 992 1185 992 1172 995 1148 1001 1135 995 1128 992 1126 992 1124 992 1122 992 1120 992 1120 994 1117 995 1111 1001 1001 997 875 994 873 994 826 1001 805 1003 783 1001 706 994 705 994 624 1003 626 1036"/></Shape>
	    <String CONTENT="Mais on ££e sait toujours pas avec quoi la France"
                    HPOS="624.0"
                    VPOS="988.0"
                    WIDTH="976.0"
                    HEIGHT="75.0"></String>
          </TextLine>

          
          
          <TextLine ID="eSc_line_9d071431"
                    
                    BASELINE="331 1103 1520 1096" 
                    HPOS="329.0"
                    VPOS="1063.0"
                    WIDTH="1191.0"
                    HEIGHT="66.0">
            <Shape><Polygon POINTS="331 1103 331 1129 1518 1120 1520 1096 1514 1063 329 1076 331 1103"/></Shape>
	    <String CONTENT="va payer toutes ces dépenses, toutes ces dettes, toutes ces"
                    HPOS="329.0"
                    VPOS="1063.0"
                    WIDTH="1191.0"
                    HEIGHT="66.0"></String>
          </TextLine>

          
          
          <TextLine ID="eSc_line_14fecd16"
                    
                    BASELINE="331 1168 1602 1168" 
                    HPOS="331.0"
                    VPOS="1135.0"
                    WIDTH="1271.0"
                    HEIGHT="62.0">
            <Shape><Polygon POINTS="331 1168 331 1197 1602 1188 1602 1168 1600 1135 331 1140 331 1168"/></Shape>
	    <String CONTENT="augmentations, tous ces travaux, car il faudra finalement doter"
                    HPOS="331.0"
                    VPOS="1135.0"
                    WIDTH="1271.0"
                    HEIGHT="62.0"></String>
          </TextLine>

          
          
          <TextLine ID="eSc_line_21d3746b"
                    
                    BASELINE="331 1235 1619 1232" 
                    HPOS="329.0"
                    VPOS="1204.0"
                    WIDTH="1290.0"
                    HEIGHT="62.0">
            <Shape><Polygon POINTS="331 1235 331 1254 364 1265 366 1265 368 1265 369 1265 397 1255 452 1265 454 1265 589 1255 600 1255 606 1255 668 1265 670 1266 848 1266 848 1265 849 1265 875 1257 879 1255 879 1257 888 1265 890 1265 891 1265 893 1265 1179 1263 1181 1263 1197 1257 1214 1254 1617 1259 1619 1232 1613 1204 329 1208 331 1235"/></Shape>
	    <String CONTENT="nos services d &#39;autre chose que des dépenses de traitements ; il"
                    HPOS="329.0"
                    VPOS="1204.0"
                    WIDTH="1290.0"
                    HEIGHT="62.0"></String>
          </TextLine>

          
          
          <TextLine ID="eSc_line_e44aba3c"
                    
                    BASELINE="333 1301 1602 1301" 
                    HPOS="333.0"
                    VPOS="1272.0"
                    WIDTH="1269.0"
                    HEIGHT="51.0">
            <Shape><Polygon POINTS="333 1301 333 1323 1602 1323 1602 1301 1600 1272 333 1272 333 1301"/></Shape>
	    <String CONTENT="faudra du matériel, des machines, etc.. etc... En principe, les"
                    HPOS="333.0"
                    VPOS="1272.0"
                    WIDTH="1269.0"
                    HEIGHT="51.0"></String>
          </TextLine>

          
          
          <TextLine ID="eSc_line_81271b5d"
                    
                    BASELINE="335 1369 1580 1369" 
                    HPOS="335.0"
                    VPOS="1343.0"
                    WIDTH="1245.0"
                    HEIGHT="53.0">
            <Shape><Polygon POINTS="335 1369 335 1396 1580 1396 1580 1369 1580 1343 335 1343 335 1369"/></Shape>
	    <String CONTENT="traitements du personnel devraient être insignifiants comparés"
                    HPOS="335.0"
                    VPOS="1343.0"
                    WIDTH="1245.0"
                    HEIGHT="53.0"></String>
          </TextLine>

          
          
          <TextLine ID="eSc_line_bbe4d1ab"
                    
                    BASELINE="329 1439 1562 1433" 
                    HPOS="327.0"
                    VPOS="1407.0"
                    WIDTH="1235.0"
                    HEIGHT="59.0">
            <Shape><Polygon POINTS="329 1439 329 1466 631 1457 725 1464 727 1464 728 1464 758 1455 1558 1461 1562 1433 1558 1407 327 1407 329 1439"/></Shape>
	    <String CONTENT="aux dépenses des travaux ou des entreprises dont ce personnel"
                    HPOS="327.0"
                    VPOS="1407.0"
                    WIDTH="1235.0"
                    HEIGHT="59.0"></String>
          </TextLine>

          
          
          <TextLine ID="eSc_line_f0ecf7ad"
                    
                    BASELINE="331 1504 1598 1497" 
                    HPOS="329.0"
                    VPOS="1461.0"
                    WIDTH="1269.0"
                    HEIGHT="75.0">
            <Shape><Polygon POINTS="331 1504 331 1525 377 1536 379 1536 380 1536 382 1536 397 1526 439 1536 441 1536 542 1526 556 1536 558 1536 560 1536 562 1536 686 1525 714 1534 716 1534 717 1534 719 1534 738 1525 904 1534 906 1534 965 1523 1192 1532 1194 1532 1282 1521 1322 1530 1324 1530 1326 1530 1560 1528 1562 1528 1598 1517 1598 1497 1595 1462 1419 1461 1417 1461 1415 1461 1406 1462 1379 1471 1304 1464 1298 1464 1296 1464 1294 1464 1293 1464 1260 1473 1164 1466 1126 1462 1054 1462 1053 1462 1051 1462 1042 1466 1025 1473 1001 1466 985 1462 983 1462 981 1462 979 1462 978 1462 972 1466 957 1475 329 1473 331 1504"/></Shape>
	    <String CONTENT="est chargé. Je n&#39;essaierai pas de faire le total des deux cha-"
                    HPOS="329.0"
                    VPOS="1461.0"
                    WIDTH="1269.0"
                    HEIGHT="75.0"></String>
          </TextLine>

          
          
          <TextLine ID="eSc_line_ad46cfd9"
                    
                    BASELINE="329 1570 1042 1567" 
                    HPOS="327.0"
                    VPOS="1536.0"
                    WIDTH="715.0"
                    HEIGHT="65.0">
            <Shape><Polygon POINTS="329 1570 329 1601 478 1590 556 1600 560 1600 562 1600 564 1600 597 1590 666 1600 679 1600 681 1600 683 1600 686 1598 719 1589 739 1598 741 1598 743 1598 747 1598 816 1589 1038 1594 1042 1567 1038 1543 371 1536 369 1536 327 1545 329 1570"/></Shape>
	    <String CONTENT="pitres ; c&#39;est à en perdre la tête."
                    HPOS="327.0"
                    VPOS="1536.0"
                    WIDTH="715.0"
                    HEIGHT="65.0"></String>
          </TextLine>

          
          
          <TextLine ID="eSc_line_e7bf07f1"
                    
                    BASELINE="329 1702 1620 1699" 
                    HPOS="327.0"
                    VPOS="1664.0"
                    WIDTH="1293.0"
                    HEIGHT="60.0">
            <Shape><Polygon POINTS="329 1702 329 1724 1619 1724 1620 1699 1615 1664 1558 1675 1415 1666 1377 1664 1375 1664 1320 1667 1196 1675 1148 1669 1104 1664 1102 1664 1100 1664 1084 1669 1067 1675 895 1673 529 1666 527 1666 525 1666 523 1666 509 1677 509 1678 327 1678 329 1702"/></Shape>
	    <String CONTENT="compter, concevoir ce que représentent tous ces milliards... Et"
                    HPOS="327.0"
                    VPOS="1664.0"
                    WIDTH="1293.0"
                    HEIGHT="60.0"></String>
          </TextLine>

          
          
          <TextLine ID="eSc_line_6754958c"
                    
                    BASELINE="630 1636 1540 1631" 
                    HPOS="628.0"
                    VPOS="1596.0"
                    WIDTH="912.0"
                    HEIGHT="66.0">
            <Shape><Polygon POINTS="630 1636 630 1662 1494 1662 1494 1660 1538 1649 1540 1631 1533 1596 1498 1605 1276 1596 1234 1596 1232 1596 1185 1598 928 1609 897 1600 895 1600 893 1600 891 1600 890 1600 877 1609 868 1600 866 1600 864 1600 862 1600 860 1600 837 1609 628 1601 630 1636"/></Shape>
	    <String CONTENT="Je me lasse même d&#39;y penser ; je ne puis plus"
                    HPOS="628.0"
                    VPOS="1596.0"
                    WIDTH="912.0"
                    HEIGHT="66.0"></String>
          </TextLine>

          
          
          <TextLine ID="eSc_line_e563321e"
                    
                    BASELINE="331 1774 1600 1766" 
                    HPOS="329.0"
                    VPOS="1737.0"
                    WIDTH="1271.0"
                    HEIGHT="64.0">
            <Shape><Polygon POINTS="331 1774 331 1801 377 1792 578 1799 619 1799 620 1799 622 1799 626 1797 650 1790 833 1796 923 1797 924 1797 926 1797 941 1794 967 1788 1115 1792 1280 1796 1282 1796 1283 1796 1285 1796 1294 1790 1302 1786 1598 1786 1600 1766 1597 1737 674 1737 672 1737 617 1746 611 1746 595 1746 428 1739 426 1739 329 1748 331 1774"/></Shape>
	    <String CONTENT="je ne crois pas me tromper en disant que, si personne n’en fait"
                    HPOS="329.0"
                    VPOS="1737.0"
                    WIDTH="1271.0"
                    HEIGHT="64.0"></String>
          </TextLine>

          
          
          <TextLine ID="eSc_line_0c4469ff"
                    
                    BASELINE="331 1834 1600 1834" 
                    HPOS="331.0"
                    VPOS="1799.0"
                    WIDTH="1269.0"
                    HEIGHT="64.0">
            <Shape><Polygon POINTS="331 1863 1600 1854 1600 1834 1598 1805 968 1808 890 1801 866 1799 864 1799 862 1799 860 1799 859 1801 849 1810 745 1810 705 1801 696 1799 694 1799 692 1799 688 1801 670 1808 652 1799 650 1799 648 1799 646 1799 630 1799 534 1808 523 1799 522 1799 520 1799 388 1799 386 1799 384 1799 358 1808 333 1799 331 1834 331 1863"/></Shape>
	    <String CONTENT="l’humble aveu comme moi, tout le monde est plus ou moins dans le"
                    HPOS="331.0"
                    VPOS="1799.0"
                    WIDTH="1269.0"
                    HEIGHT="64.0"></String>
          </TextLine>

          
          
          <TextLine ID="eSc_line_a3e55e7f"
                    
                    BASELINE="329 1902 1659 1896" 
                    HPOS="327.0"
                    VPOS="1861.0"
                    WIDTH="1332.0"
                    HEIGHT="72.0">
            <Shape><Polygon POINTS="329 1902 329 1933 652 1924 717 1929 769 1933 771 1933 772 1933 793 1927 818 1922 844 1927 864 1931 866 1933 1170 1933 1170 1931 1172 1931 1203 1924 1216 1920 1227 1922 1254 1929 1256 1929 1258 1929 1260 1929 1280 1922 1287 1920 1324 1922 1468 1929 1470 1929 1659 1916 1659 1896 1655 1872 1595 1861 1593 1861 1309 1871 1216 1872 1190 1869 1141 1863 1139 1863 957 1869 824 1872 800 1869 774 1863 772 1863 771 1863 769 1863 761 1869 749 1874 327 1867 329 1902"/></Shape>
	    <String CONTENT="même cas. Nous en sommes arrivé à évaluer aujourd&#39;hui nos dépen-"
                    HPOS="327.0"
                    VPOS="1861.0"
                    WIDTH="1332.0"
                    HEIGHT="72.0"></String>
          </TextLine>

          
          
          <TextLine ID="eSc_line_6ad05f8b"
                    
                    BASELINE="1586 1937 1659 1933" 
                    HPOS="1582.0"
                    VPOS="1902.0"
                    WIDTH="77.0"
                    HEIGHT="64.0">
            <Shape><Polygon POINTS="1586 1937 1586 1966 1659 1957 1659 1933 1653 1902 1582 1909 1586 1937"/></Shape>
	    <String CONTENT="ses"
                    HPOS="1582.0"
                    VPOS="1902.0"
                    WIDTH="77.0"
                    HEIGHT="64.0"></String>
          </TextLine>

          
        </TextBlock>
        
      </PrintSpace>
    </Page>
  </Layout>
</alto>
