1744 2197
741.0 89.0 127.0 64.0 - 2 -

362.0 177.0 1185.0 79.0 parce qu’il ne veulent pas les envoyer dans l'intérieur de

366.0 243.0 1224.0 81.0 leur pays, où les Russes viendront les délivrer et les armer

364.0 309.0 1286.0 77.0 de nouveau contre eux. Ces blessés reviennent, en effet, telle-

366.0 382.0 1165.0 70.0 ment indignés de la barbarie des Allemands que la plupart

366.0 443.0 1203.0 73.0 d’entre eux sont impatients de repartir au feu, d’aller dé-

370.0 521.0 1201.0 72.0 fendre ou venger leurs camarades. En dépit du succés actuel

370.0 578.0 1243.0 81.0 des armées allemandes, je ne vois pas trace, heureusement, de

373.0 653.0 1257.0 73.0 découragement dans les nôtres ; au contraire, chacun se dit que

371.0 715.0 1204.0 77.0 l’invasion est un crime qui ne peut pas triompher et qui ne

373.0 785.0 1244.0 82.0 triomphera pas ; chacun est prêt à tout donner et donnera tout

373.0 849.0 1261.0 79.0 pour les repousser. J’en suis réduit a souhaiter que le carna-

375.0 926.0 1257.0 69.0 ge continue indéfiniment plûtot que de voir mon pays et la ci-

377.0 983.0 1222.0 77.0 vilisation subir la domination prussienne. C’est vraiment la

377.0 1049.0 1295.0 78.0 paix que nous défendons. Mais, d’autre part, les Allemands avan

377.0 1118.0 1284.0 83.0 çant de combat en combat, de massacre en massacre, d’incendie/en

379.0 1180.0 1300.0 81.0 incendie, ne peuvent plus reculer ; il leur faut avancer toujours

377.0 1259.0 1167.0 59.0 ou disparaitre ; déjà leurs pertes sont énormes ; c’est une

381.0 1331.0 472.0 69.0 guerre d’extermination.

578.0 1384.0 1004.0 67.0 Le Pire, je l'ai toujours dit, - mais c’est bien

381.0 1459.0 1198.0 73.0 pis que je ne le pensais -- le pire est que chacun des com-

382.0 1519.0 1202.0 75.0 battants, pour la plupart incapables de méchanceté en temps

382.0 1590.0 1263.0 63.0 ordinaire, est maintenant voué à l’œuvre horrible de la haine

384.0 1649.0 1202.0 77.0 et des représailles ; et bien plus que les combattants leurs

384.0 1728.0 1261.0 69.0 enfants, leurs orphelins, tous ceux qui vont maintenant rester

386.0 1788.0 1308.0 77.0 en deuil. Comment attendre, par exemple, de ma sœur, qui vit ici

384.0 1854.0 1224.0 68.0 avec ses petits enfants, et qui est la douceur et l’humanité

386.0 1926.0 1240.0 65.0 même, qu’elle leur interdise de souhaiter la mort de l'ennemi

390.0 1999.0 1198.0 66.0 qui menace leur père et, si leur père est tué, de consacrer
