1746 2197
861.0 98.0 496.0 72.0 Clermont-Créans (Sarthe)

1141.0 137.0 397.0 66.0 le 8 Septembre 1914

742.0 300.0 82.0 62.0 N°3

555.0 435.0 344.0 64.0 Mon cher Keppel,

481.0 532.0 1184.0 72.0 Votre affectueuse lettre du 21 Août par laquelle vous nous

384.0 604.0 1294.0 67.0 exprimez de si chaleureuses sympathies nous a été au coeur. Vous

384.0 675.0 1175.0 57.0 avez compris que la France lutte pour le droit et la paix;

386.0 735.0 1297.0 66.0 Soyez sûr qu'elle résistera jusqu'au dernier homme avec la certi-

388.0 807.0 1257.0 69.0 tude qu'elle défend plus qu’elle même, la civilisation. Jamais

388.0 878.0 1255.0 64.0 je n'avais mesuré ni même soupçonné à quel degré de sauvagerie

386.0 942.0 1259.0 64.0 la violence déchaînée peut abaisser l'homme ; je croyais que le

386.0 1005.0 1297.0 64.0 monde ne pourrait plus revoir le temps du massacre des innocents

388.0 1083.0 1216.0 59.0 je me trompais ; nous sommes revenus à la barbarie et l’armée

388.0 1146.0 1238.0 60.0 prussienne ne nous laisse d’autre alternative que la victoire

390.0 1212.0 1200.0 53.0 ou l’extermination. Fût-elle maîtresse de Paris, ce dont je

388.0 1283.0 1238.0 51.0 doute, et de la moitié de la France, elle trouvera finalement

390.0 1340.0 969.0 69.0 l'autre moitié qui l’ensevelira sous ses ruines.

588.0 1411.0 1018.0 60.0 Vous ne pouvez imaginer la noble passion réfléchie

388.0 1479.0 1150.0 64.0 que chacun met en France à organiser la lutte à outrance.

392.0 1550.0 1242.0 55.0 Chacun, dans chaque famille, a donné ce qu’il a de plus cher,

392.0 1614.0 1214.0 59.0 ses enfants, son espérance, son amour ; le reste pèse peu: je

386.0 1684.0 1218.0 55.0 vois sous mes yeux la défense nationale, dèjà très bien pré-

388.0 1742.0 1292.0 61.0 parée de longue date, se parachever pour durer indéfiniment.....

392.0 1812.0 1216.0 57.0 des mois, des années, s’il le faut. Le Pays s’est mis sur le

390.0 1883.0 1257.0 65.0 pied de s’alimenter parfaitement tout en alimentant les armées

390.0 1944.0 773.0 69.0 qui n'ont jamais été si bien nourries.

247.0 2023.0 932.0 69.0 Monsieur KEPPEL Columbia University NEW-YORK
