1738 2197
734.0 126.0 126.0 60.0 - 4 -

355.0 216.0 1247.0 73.0 au même degré tous les coeurs; mais il est assez général pour

355.0 289.0 1265.0 62.0 entraîner les timides et pour imposer silence aux mauvais ; car

357.0 362.0 1243.0 64.0 les mauvais, comme partout, subsistent à coté des autres ; ils

355.0 435.0 1245.0 53.0 attendent leur heure ; je le vois très bien, par exemple, à la

355.0 487.0 1318.0 75.0 Flèche, microcosme où j'ai fait mon apprentissage de la vie poli-

357.0 554.0 1258.0 73.0 tique. A la Fl èche, comme ailleurs, plus qu’ailleurs, les élé-

355.0 627.0 1263.0 65.0 ments réactionnaires, chauvins, stériles, haineux sont relati-

357.0 699.0 1302.0 58.0 vement nombreux et prédominants maintenant que tous les éléments

351.0 756.0 1284.0 73.0 actifs et jeunes sont partis ; la Flèche, ville de retraités, de

353.0 829.0 1264.0 71.0 veuves, de curés, de petites rentiers, sans autre commerce que

357.0 891.0 1258.0 62.0 celui de faire vivre son école militaire, s’est constituée une

353.0 972.0 1276.0 55.0 petite bourgeoisie, contemporains encore de Stendhal et de Bal-

357.0 1023.0 1201.0 73.0 zac, avare, égoïste et soi-disant religieuse pour être plus

355.0 1102.0 1241.0 56.0 intolérante ; petite bourgeoisie composée d’anciens je ne sais

355.0 1160.0 1238.0 75.0 quoi enrichis dans je ne sais quel petit commerce, grâce à je

349.0 1230.0 1242.0 71.0 ne sais quels petits héritages ou quelles successions d’exis-

353.0 1290.0 1302.0 79.0 tences uniquement tendues vers l'économie et le gain ; ces petits

349.0 1373.0 1224.0 56.0 bourgeois ont acheté aux environs de la petite ville quelque

351.0 1435.0 1280.0 60.0 petit château ; ils se sont affublés d’un titre auquel ils n'ont

351.0 1497.0 1262.0 73.0 aucun droit, mais si insignifiant que personne ne songe à leur

349.0 1563.0 1200.0 73.0 en demander l'origine ; ils sont ignorants autant qu'on peut

349.0 1625.0 1291.0 72.0 l'être et naturellement jaloux de tout ce qui prétend s’instrui-

347.0 1697.0 1244.0 60.0 re et surtout instruire le peuple !..... Tout ce petit monde

347.0 1766.0 1220.0 61.0 à La Fl èche, triomphe en ce moment de nos épreuves ; sa poli-

349.0 1836.0 1299.0 71.0 tique est celle de toute la réaction, la politique du pire: plus

347.0 1902.0 1180.0 67.0 cela ira mal, plus, pense-t-elle, le peuple, dégouté de la

347.0 1962.0 1218.0 70.0 République, voudra revenir à l'Empire, à la Royauté. En vain

349.0 2034.0 1160.0 78.0 toutes nos élections générales, les unes après les autres
