1739 2197
930.0 84.0 105.0 75.0 - 2 -

351.0 190.0 1223.0 75.0 Britannique à vouloir se saisir, lui aussi, des dépouilles de

351.0 269.0 1142.0 58.0 l'Empire allemand, et même à réclamer la Syrie.....; On

349.0 331.0 1164.0 64.0 n'aurait pas stimulé les ambitions italiennes, grecques et

349.0 402.0 1221.0 57.0 autres, etc. etc….etc... Enfin la France ne se mettra pas

348.0 468.0 1163.0 61.0 sur les bras et sur la conscience les conquêtes rêvées par

353.0 529.0 686.0 62.0 M. Delcassé. C'est toujours cela.

685.0 593.0 584.0 60.0 Reste la Société des Nations.

681.0 659.0 911.0 55.0 Les Américains et les Anglais ne veulent rien

348.0 723.0 1270.0 69.0 prévoir quant aux précautions essentielles à prendre, avec nous,

346.0 798.0 1218.0 56.0 pour prévenir une nouvelle agression possible de l’Allemagne:

348.0 864.0 1165.0 51.0 il faut cependant y penser ; et, si on y pense, prendre des

346.0 930.0 1239.0 54.0 précautions. Un contrôle, une organisation sont à prévoir, si

346.0 992.0 1167.0 64.0 on ne veut pas se borner à quelques chiffons de papier, un

346.0 1060.0 152.0 65.0 leurre.

674.0 1127.0 872.0 64.0 Autre chose ; à force de polémiques sur ces

344.0 1191.0 1123.0 59.0 questions de conquêtes d'une part, de garanties d’avenir

340.0 1255.0 1164.0 65.0 d’autre part, les Gouvernements des Grandes puissances ont

342.0 1331.0 1239.0 60.0 fini par faire deux camps d'un côté la Grande-Bretagne et les

339.0 1387.0 808.0 70.0 Etats-Unis, de l'autre la France isolée.

672.0 1459.0 869.0 66.0 L'isolement est tel que la langue française

340.0 1517.0 1193.0 68.0 elle-même n’existe plus que comme souvenir, à la Conférence.

339.0 1585.0 1220.0 66.0 Cela est inique, mais cela est surtout absurde, car j’ai vu à

339.0 1653.0 1180.0 64.0 l'œuvre la France et le Français. Le triomphe de l’anglo-

339.0 1717.0 1139.0 68.0 saxonisme au détriment de la France, c'est l’impérialisme

337.0 1779.0 606.0 71.0 déchaîné dans le monde entier.

650.0 1854.0 874.0 61.0 Sans doute, le Gouvernement Français actuel,
