1749 2197
972.0 157.0 104.0 55.0 - 2 -

413.0 272.0 1110.0 83.0 uniquement celle de nos amis des pays interalliés, nous

413.0 357.0 1068.0 60.0 avons tenu à y inviter M. le Professeur Nippold, pour

415.0 424.0 1149.0 57.0 reconnaître hautement la part qu’il a prise à nos travaux

415.0 488.0 1202.0 57.0 et lui bien prouver que nous le considérons non pas comme un

413.0 547.0 1227.0 77.0 neutre, mais comme un de nos collaborateurs les plus dévoués

1045.0 659.0 473.0 60.0 (approbation générale ).

708.0 746.0 892.0 70.0 Le Président souhaite également la bienvenue

412.0 820.0 1170.0 64.0 à S.Ex. Lou Tseng Tsiang, et à M. de Lapradelle ; c’est la

413.0 887.0 1092.0 57.0 première fois qu’ils siègent parmi nous. Notre Bureau

413.0 963.0 1165.0 51.0 les remercie du concours effectif qu'ils lui donnent ; nous

413.0 1027.0 1165.0 58.0 savons ce que M. de Lapradelle a fait aux Etats-Unis ; nous

415.0 1087.0 1127.0 66.0 lui demandons seulement, - et c’est ambitieux,- de faire

417.0 1151.0 350.0 75.0 autant pour nous.

413.0 1347.0 352.0 75.0 M. LE PRÉSIDENT,-

888.0 1343.0 672.0 66.0 Au moment où la Dotation Carnegie

413.0 1417.0 1165.0 58.0 reprend son activité, suspendue par la guerre, nous avions

415.0 1479.0 1161.0 58.0 besoin de nous réunir. Il nous faut renouveler notre pro-

413.0 1545.0 1224.0 69.0 gramme ; mais auparavant résumons brièvement ce que nous avons

413.0 1612.0 1224.0 66.0 fait pendant la guerre. -. Nous avons eu comme principe, dès

413.0 1686.0 1123.0 60.0 le premier jour de cette guerre qu’il n’a pas dépendu de

412.0 1742.0 1184.0 66.0 nous d'éviter, de cesser toutes relations directes ou indi-

413.0 1818.0 1202.0 56.0 rectes avec les membres de notre bureau appartenant aux pays

421.0 1887.0 1093.0 57.0 ennemis. Le devoir de la Dotation était, avant tout et
