1771 2197
913.0 137.0 136.0 53.0 - 11 -

342.0 274.0 1319.0 57.0 au lieu de le faire exploiter par leurs régisseurs. Les sangliers

340.0 335.0 1319.0 65.0 sont assez nombreux encore pour faire des ravages à la lisière des

338.0 399.0 1147.0 66.0 forêts, et les lapins, et les faisans et les compagnies de

340.0 472.0 1299.0 57.0 perdrix ; - ô phénomène ; les perdrix rouges et les perdrix grises

338.0 536.0 1242.0 57.0 toujours séparées d’ordinaire, vivent chez nous dans les mêmes

336.0 596.0 1321.0 70.0 champs, mais pas ensemble; à Créans, chaque champ est le domicile

335.0 666.0 1304.0 64.0 de deux compagnies distinctes et qui ne se confondent jamais. Là

335.0 725.0 1300.0 71.0 comme ailleurs, comme partout, règne l’indépendance, la variété et

335.0 798.0 1289.0 67.0 tout de même la conciliation. Comment s’étonner, en un tel pays

331.0 862.0 1282.0 64.0 sous ce ciel si doux et parfois si rude, mais toujours favorable

331.0 935.0 1264.0 57.0 au développement des produits du sol, comment s’étonner que les

331.0 1001.0 1264.0 55.0 habitants soient eux-mêmes tellement variés, et indépendants et

333.0 1067.0 1260.0 60.0 savoureux, pénétrés, eux aussi, d’un goût de terroir, et qu’ils

331.0 1133.0 1313.0 57.0 tiennent à se distinguer tous les uns des autres pour ne faire qu'

331.0 1195.0 1273.0 66.0 un pourtant dans les grandes crises nationales? Ils sont rares,

329.0 1263.0 1244.0 68.0 malheureusement, de plus en plus rares. Et c’est pourquoi les

335.0 1329.0 1254.0 64.0 vrais patriotes devaient s’efforcer d’empêcher cette guerre qui

349.0 1391.0 1304.0 66.0 fera tomber de plusieurs millions notre natalité, alors que celle

327.0 1464.0 1244.0 64.0 de l’Allemagne va s’élever encore au double de la nôtre et au-

327.0 1530.0 1246.0 57.0 delà ; alors surtout que le lendemain de cette guerre va faire

329.0 1585.0 1300.0 71.0 peser sur nos populations clairsemées tant de charges XXXXXXX.

329.0 1662.0 1279.0 55.0 Comment lutter dorénavant, avec nos ressources diminuées, contre

331.0 1728.0 1277.0 51.0 l'activité multipliée et privilégiée de nos rivaux, sans compter

329.0 1783.0 1374.0 73.0 celle de nos ennemis ? Vous ai-je dit que mon auto américaine, ££supposée££

327.0 1858.0 1317.0 66.0 achetée à New-York au cours normal de 5 francs le dollar, et payée
