1763 2197
855.0 139.0 94.0 53.0 - 9 -

324.0 256.0 1209.0 69.0 sensible et la signification de ses origines. Il a un passé

326.0 329.0 1220.0 70.0 lointain, aussi vieux et plus vieux que le Moyen-Age ; nombre

322.0 397.0 1261.0 66.0 d'églises ou de chapelles, ou de vieilles tours, ou de châteaux,

326.0 459.0 1279.0 71.0 ou de murailles ou même de routes romaines racontent des siècles

324.0 527.0 1263.0 71.0 de vie ; les costumes, il est vrai, n'ont pas survécu, comme en

324.0 595.0 1281.0 65.0 Bretagne, et cependant les femmes, les vieilles surtout, portent

324.0 664.0 1226.0 62.0 encore, presque toutes, au marché, leurs jolis bonnets blancs

324.0 728.0 1244.0 61.0 variée ; tout est varié dans ce pays. Variété des cultures et

324.0 801.0 1321.0 61.0 des ressources de la campagne, et des vallées, et des collines, et

324.0 860.0 1264.0 60.0 des bois et des forêts. Et quelles forêts,- ce qui reste de la

322.0 930.0 1325.0 65.0 majestueuse et sombre forêt du Mans; - ces forêts, je viens de les

324.0 992.0 1224.0 60.0 traverser, uns fois encore presque toutes, en faisant le tour

326.0 1071.0 1200.0 60.0 au département, depuis La Flèche, forêt de Courcelles, forêt

324.0 1124.0 1299.0 67.0 du Mélinais, forêt de Sillé-le-Guillaume, celle-là grandiose avec

326.0 1202.0 1272.0 50.0 ses escarpements, ses Alpes Mancelles, forêt de Perseigne, forêt

322.0 1257.0 1274.0 68.0 de Bellème, toute proche, forêt de Bonnétable, forêt de Vibraye,

326.0 1320.0 1259.0 80.0 forêt Jupillé, avec ses chênes droits comme des mâts, toutes

324.0 1391.0 1239.0 62.0 plus belles les unes que les autres, plus impressionnantes, et

326.0 1453.0 1275.0 70.0 toutes diverses, - comme les eaux, comme les rivières. Après le

320.0 1523.0 1263.0 62.0 Loir, après la Mayenne près d'Angers, après la Sarthe, que dire

320.0 1589.0 1228.0 66.0 de l'Huisne dont les eaux limpides feraient à elles seules la

322.0 1660.0 1296.0 55.0 richesse d’une contrée ; et les affluents de toutes ces rivières

318.0 1719.0 1208.0 67.0 de ces affluents de la Loire, - tous ces modestes cours d'eau

318.0 1783.0 1344.0 71.0 grouillants d’écrevisses, malgré XX l’abandon de toute surveillance

729.0 1757.0 183.0 55.0 ££ ££ ££

318.0 1860.0 1280.0 62.0 de la pêche, toutes ces sources jamais taries jamais diminuées,

298.0 1915.0 1285.0 75.0 même par les chaleurs prolongées de cet été; - si peu diminuées
