1749 2197
844.0 155.0 273.0 92.0 LETTRE N° 534.

197.0 225.0 242.0 95.0 SENAT

1151.0 270.0 369.0 94.0 PARIS, 23 Mai 1919.

609.0 461.0 889.0 79.0 NOTRE COMMISSION D'ENQUETE DANS LES BALKANS.

1060.0 635.0 326.0 60.0 Mon cher Butler,

697.0 800.0 872.0 58.0 M. VENIZELOS, que j’ai vu souvent soit chez

408.0 854.0 1220.0 65.0 moi, soit ailleurs, et toujours dons la plus grande cordiali-

408.0 931.0 1124.0 55.0 té, se préocupe de voir reprendre notre enquête sur les

408.0 974.0 1121.0 80.0 faits qui ont suivi les deux guerres balkaniques. Cette

410.0 1045.0 1218.0 71.0 préoccupation est très légitime, d'autant plus que MILIOUKOFF

406.0 1125.0 1125.0 55.0 a certainement exercé une influence sur notre Commission

406.0 1191.0 1181.0 59.0 d’enquête et qu’il s’est montré plutôt pro-bulgare que pro-

404.0 1259.0 1200.0 53.0 ser££ et pro-hellène. Je ne serais pas, pour ma part, hostile

402.0 1327.0 1211.0 58.0 à l'idée de reprendre, cette fois d'accord avec M. VENIZELOS,

402.0 1389.0 1125.0 53.0 une nouvelle enquête après la grande guerre qui s’achève

399.0 1453.0 1144.0 59.0 mais, bien entendu, sans tomber dans l’excès contraire et

402.0 1525.0 1178.0 53.0 sans pouvoir prêter à l’accusation de partialité contre les

404.0 1583.0 1198.0 66.0 Bulgares. Je crois que, organisée par nous et confiée à des

402.0 1655.0 1229.0 58.0 hommes de haute valeur morale, comme était Godart par exemple,

1194.0 1629.0 56.0 53.0 en

401.0 1722.0 1217.0 59.0 et le regretté Button, une enquête sur les haines balkaniques

401.0 1785.0 1238.0 62.0 résultant de l'anarchie que nous connaissons, ne pourra donner

402.0 1852.0 1200.0 55.0 que des résultats utiles. Vous verrez sans doute un envoyé

170.0 2048.0 934.0 59.0 à Monsieur le Président Nicholas Murray BUTLER.
