1735 2197
917 129 99 55 - 3 -

304.0 294.0 634.0 63.0 d'embarras, le nom de Caillaux.

665.0 360.0 971.0 62.0 J'ai saisi avec empressement cette interruption.

302.0 437.0 1357.0 53.0 Expliquons-nous donc, ai-je répondu. Qu’avez-vous à me reprocher ?

302.0 499.0 1279.0 57.0 Membre de la Haute-Cour, je n'ai pas à me prononcer sur le fond

304.0 569.0 1333.0 62.0 de l’affaire avant les débats ; mais j’ai le droit de dire que ces

305.0 635.0 1274.0 55.0 débats, on nous les fait attendre depuis 3 ans ; et que cela est

305.0 704.0 1310.0 64.0 inadmissible. Vous applaudissez, vous, auditeurs, à mes paroles ;

304.0 770.0 542.0 55.0 mais vous, M. de Nicolay ?

643.0 831.0 593.0 60.0 Et M. de Nicolay m'a répondu:

643.0 898.0 892.0 57.0 Vous attaquez donc les formes de la justice.

646.0 977.0 931.0 57.0 Non, je proteste contre les lenteurs qu'on lui

307.0 1043.0 152.0 50.0 impose.

644.0 1103.0 953.0 66.0 Il faut/s'incliner, reprend tranquillement M. de

307.0 1169.0 176.0 64.0 Nicolay.

644.0 1235.0 933.0 61.0 Alors, repris-je, vous laisserez pendant vingt

304.0 1298.0 956.0 62.0 ans un accusé sous les verrous, sans jugement ?

643.0 1371.0 571.0 53.0 Cela s’est vu, déclara-t-il,

641.0 1433.0 958.0 59.0 Oui, sous Louis XIV, ai-je conclu ; c’est là que

307.0 1503.0 537.0 56.0 vous voulez nous ramener :

641.0 1563.0 938.0 70.0 On m'a applaudi fortement et on n’a plus parlé

302.0 1631.0 1354.0 69.0 de l’affaire Caillaux ; le lendemain j'ai eu la majorité dans cette

304.0 1708.0 1302.0 49.0 commune, mais non dans les autres où j'ai perdu beaucoup de voix.

643.0 1774.0 894.0 51.0 Dans d’autres cantons de l’arrondissement de

304.0 1834.0 1194.0 70.0 La Flèche passent de même les principaux hobereaux, tenus à

305.0 1904.0 376.0 64.0 l'écart jusqu'ici.
