1745 2197
939.0 155.0 139.0 59.0 - 13 -

917.0 272.0 763.0 75.0 Je rapproche vos réflexions d’aujourd'

422.0 285.0 359.0 68.0 M. LE PRÉSIDENT, -

424.0 344.0 1185.0 69.0 hui de ce que vous nous disiez lors de l'Assemblée Générale

426.0 417.0 1108.0 57.0 de la Conciliation, en 1917. Vous estimiez alors à dix

428.0 485.0 1100.0 53.0 le nombre des personnes voyant clair en Allemagne......

921.0 578.0 688.0 66.0 Disons qu'il y en a 20 aujourd’hui

422.0 578.0 325.0 75.0 M. O. NIPPOLD,-

428.0 644.0 670.0 66.0 et nous serons dans le XXXX vrai.

1135.0 745.0 317.0 55.0 (exclamations ).

426.0 834.0 1243.0 83.0 M. Th. RUYSSEN,- (rappelle à ce propos un regrettable article

428.0 911.0 1163.0 57.0 du Dr. Quidde, au sujet des responsabilités de la guerre ).

426.0 992.0 1148.0 80.0 M. J.J. PRUDHOMMEAUX. - Le plus triste est que M. Quidde

426.0 1078.0 1128.0 71.0 a trouvé bon nombre de partisans, puisqu’il vient d'être

430.0 1149.0 1142.0 50.0 élu au Reichstag, ainsi que M. W. Schucking, un autre pa-

430.0 1210.0 1201.0 67.0 cifiste, dont l’opposition à l’impérialisme germanique a été

428.0 1283.0 450.0 51.0 singulièrement timide.

921.0 1374.0 726.0 63.0 En dehors du Professeur FOERSTER, le

430.0 1378.0 296.0 68.0 M. O.NIPPOLD -

428.0 1442.0 1185.0 64.0 pacifisme allemand a fait cause commune avec le militarisme

430.0 1510.0 1183.0 57.0 allemand. C'est ce qu'il y a de profondément triste. Tous

492.0 1552.0 75.0 48.0 sur

432.0 1574.0 1161.0 59.0 ceux qui, jadis, nous pensions pouvoir compter, ont tenu à

428.0 1647.0 1106.0 53.0 défendre leur Gouvernement ; aucun n'a eu le courage de

430.0 1702.0 1124.0 70.0 FOERSTER ou de GRILLING, démontrant à l’Allemagne que le

426.0 1766.0 749.0 66.0 Droit ne se trouvait pas de son côté.

922.0 1869.0 667.0 58.0 N'oublions pas que nous avons eu,

430.0 1874.0 350.0 74.0 M. LE PRÉSIDENT.-
