1745 2197
900.0 140.0 138.0 50.0 - 14 -

424.0 263.0 1136.0 70.0 en Autriche, l’admirable LAMMASCH, cette pure conscience,

424.0 342.0 982.0 51.0 qui a persévéré dans ses idées d’avant la guerre.

419.0 435.0 304.0 70.0 M. O.NIPPOLD. -

911.0 433.0 711.0 68.0 Oui, cela est exact. Cependant. si

421.0 505.0 1126.0 60.0 M. LAMMASCH avoue personnellement les fautes qui ont été

421.0 573.0 842.0 60.0 commises, il ne l'a pas fait publiquement.

417.0 662.0 364.0 73.0 M. le PRÉSIDENT.-

913.0 666.0 678.0 60.0 Il y a aussi le Prince LICHNOWSKY,

422.0 735.0 1161.0 61.0 le Professeur MUHLON, GRILLING, dont/vous parliez ; mais il

422.0 803.0 879.0 61.0 faut reconnaître que ce sont des exceptions.

417.0 900.0 300.0 63.0 M. O.NIPPOLD, -

911.0 898.0 647.0 61.0 D'ailleurs, chacun d’eux revient

417.0 963.0 1132.0 62.0 d’Allemagne aussi désappointé que le professeur FOERSTER,

413.0 1034.0 1128.0 59.0 après avoir constaté que la République allemande n'a pas

415.0 1093.0 1163.0 60.0 changé la mentalité du peuple allemand. MUHLON n'a trouvé

413.0 1164.0 1145.0 55.0 personne à Berlin avec qui causer. GRILLING avait offert

415.0 1224.0 1260.0 66.0 ses services à la Wilhemstrasse pour une histoire de la guerre

411.0 1298.0 1130.0 62.0 malgré l'intérêt que présentait son offre, on l'a trouve

415.0 1362.0 1104.0 58.0 compromettante et laissée de côté. A MUHLON on préfère

413.0 1420.0 1086.0 77.0 SCHEIDEIMANN qui, lui, n’a jamais cessé de soutenir le

411.0 1493.0 1123.0 57.0 Gouvernement pendant toute la durée de la guerre. On se

415.0 1558.0 1216.0 71.0 demande alors à quoi a servi le changement du système gouver-

408.0 1634.0 1146.0 50.0 nemental puisque la République allemande socialiste a une

410.0 1693.0 1159.0 70.0 politique aussi impérialiste que celle de l’ancien gouver-

408.0 1759.0 351.0 59.0 nement autocrate.

404.0 1849.0 357.0 82.0 M. le PRÉSIDENT,-

919.0 1858.0 637.0 62.0 Je sais que vous avez obtenu en
