1718 2197
712.0 119.0 121.0 47.0 - 6 -

278.0 166.0 1304.0 82.0 leurs représentants ont prise à l'élaboration de ces conventions.

278.0 243.0 1233.0 68.0 Je comprends très bien que de petits Etats neutres et voisins

280.0 311.0 1271.0 66.0 comme la Hollande, la Suisse, le Danemark, ne puissent pas sans

280.0 377.0 1372.0 75.0 graves inconvénients, se faire représenter dans une telle commission

278.0 437.0 1216.0 77.0 mais précisément le rôle des Etats-Unis, plus éloignés, plus

280.0 505.0 1273.0 75.0 distants, moins en danger de se compromettre, serait de prendre

282.0 573.0 1254.0 71.0 en mains leur intérêt.... Parlez-en avec E. Root , avec Choate

282.0 638.0 1267.0 65.0 Porter, Seth Low, A.D. White ; ah! si Root voulait s’en occuper!

285.0 706.0 1291.0 68.0 il est aussi difficile, à mon sens, de constituer une commission

283.0 770.0 1330.0 72.0 d’enquête sur les atrocités de la guerre actuelle qu’il est impos-

287.0 842.0 1213.0 60.0 sible de s’en désintéresser. Je vous ai dit avec quel regret

289.0 909.0 1247.0 65.0 j’ai vu l'attitude par trop réservé du Pt Wilson et son parti-

285.0 975.0 1313.0 68.0 pris de faire le mort précisément le jour où il pouvait et devait

289.0 1038.0 1255.0 71.0 être l’interpr ète de la conscience universelle. Je n'y reviens

287.0 1109.0 1273.0 57.0 pas, mais réfléchissez. Si vous penchiez dans le sens d’une en-

289.0 1168.0 1275.0 73.0 quéte partielle, purement américaine et privée, à organiser par

289.0 1241.0 1328.0 58.0 notre Dotation, conformément à la suggestion d’Herriot, vous pour-

289.0 1299.0 1295.0 79.0 riez peut-être, pour gagner du temps, m’en avertir par un cablo-

291.0 1384.0 410.0 67.0 gramme ainsi rédigé:

772.0 1429.0 484.0 72.0 "Approuve suggestions "

512.0 1504.0 1094.0 63.0 Cela me suffirait, non pas pour agir, mais pour causer

294.0 1563.0 1328.0 75.0 avec Herrick et m’orienter avec toute la discrétion et la prudence

294.0 1653.0 253.0 55.0 nécessaires.

772.0 1695.0 590.0 66.0 Votre affectueusement dévoué,

179.0 1865.0 1377.0 75.0 P. S. Je ne vous demande pas quel est le jour de votre anniversaire.

302.0 1931.0 1207.0 70.0 vous êtes trop jeune encore pour que vos amis vous posent de
