1726 2197
245.0 166.0 209.0 82.0 SENAT

688.0 91.0 308.0 92.0 LETTRE N° 605.

1029.0 269.0 499.0 62.0 LE MANS, 9 Janvier 1920.

445.0 505.0 733.0 64.0 DU PRINCE SIXTE de BOURBON, en 1917 .

514.0 426.0 587.0 75.0 LA TENTATIVE DE PAIX SÉPARÉE

793.0 662.0 333.0 72.0 Mon cher Butler,

298.0 865.0 1219.0 63.0 pleuvent sur moi les attaques de la jalousie et de l'égoïsme,

597.0 807.0 991.0 57.0 Le temps me manque naturellement, en ce moment où

300.0 941.0 1207.0 60.0 sans compter les infiltrations qui surgissent du sous-sol de

296.0 1005.0 1228.0 55.0 l’ignorance, le temps me manque pour vous écrire. C'est bien

294.0 1071.0 1169.0 53.0 dommage car je n'ai jamais été plus conscient de l'urgence

294.0 1136.0 1208.0 63.0 presque désespérée de notre oeuvre. Je pense bien, après le

294.0 1199.0 1186.0 58.0 11 Janvier, pouvoir vous écrire la moralité comme aussi les

291.0 1270.0 711.0 57.0 principaux faits de cette élection.

287.0 1395.0 1299.0 67.0 adresser le numéro ci-joint de la Revue hebdomadaire "l'OPINION"

588.0 1327.0 890.0 69.0 En attendant, je ne veux pas manquer de vous

289.0 1466.0 1250.0 59.0 du 3 de ce mois, contenant plus qu’un article, un exposé de la

291.0 1528.0 1229.0 66.0 tentative de paix séparée entreprise pendant l’hiver jusqu'au

294.0 1598.0 999.0 58.0 printemps de 1917, par le Prince Sixte de Bourbon.

289.0 1730.0 1246.0 62.0 alors à moi, ce qu'on a su de cette tentative. J'y reviendrai

584.0 1666.0 967.0 60.0 Je vous ai écrit, avec la réserve qui s’imposait

285.0 1801.0 1281.0 60.0 plus tard. Mais il importe que vous avez sous les yeux l'exposé

291.0 1836.0 870.0 58.0 en question publié par M. Jean de Pierrefeu.

879.0 1904.0 583.0 58.0 Votre affectueusement dévoué,

104.0 1980.0 478.0 72.0 à Monsieur le Président

210.0 2032.0 449.0 55.0 Nicholas Murray BUTLER,

326.0 2070.0 190.0 64.0 NEW-YORK.
