1731 2197
871.0 128.0 310.0 73.0 LETTRE N° 600

265.0 287.0 209.0 84.0 SÉNAT

1100.0 355.0 499.0 77.0 PARIS, 15 Décembre 1919.

503.0 585.0 988.0 77.0 LES ÉLECTIONS au CONSEIL GÉNÉRAL.- JE SUIS BATTU.

822.0 529.0 299.0 66.0 NOUVEL ECHEC.

701.0 662.0 577.0 75.0 LE TRIOMPHE DE LA RÉACTION .

919.0 833.0 333.0 58.0 Mon cher Butler,

326.0 1030.0 1230.0 63.0 de jour en jour: Calomniez ! Calomniez ! Il en restera toujours

644.0 952.0 977.0 71.0 Le mot célèbre de Beaumarchais devient plus vrai

324.0 1100.0 298.0 53.0 quelque chose.

322.0 1226.0 1218.0 68.0 mais continuelle, persistante, depuis la guerre, a eu raison

639.0 1153.0 1009.0 73.0 La calomnie souterraine, inavouée, désavouée même

322.0 1301.0 1271.0 57.0 devant mes électeurs du canton du Lude, comme devant ceux de ma

322.0 1360.0 1306.0 64.0 commune de Clermont-Créans, de mes services éprouvés depuis vingt

322.0 1431.0 1269.0 55.0 années. J'ai été battu à Clermont, pour ainsi dire sans adver-

320.0 1495.0 1271.0 61.0 saire, par une coalition anonyme agissant de Paris, du Mans, de

320.0 1559.0 1288.0 75.0 la Flèche ; et de/même hier, au Lude, où j’avais pourtant pris mes

320.0 1625.0 1229.0 64.0 précautions, parlé au peuple, appelé la contradiction. Peine

320.0 1693.0 1308.0 64.0 perdue. Mon adversaire, le comte de Nicolay, gende du Marquis de

320.0 1757.0 1345.0 70.0 Talhouet, neveu ou cousin des Schneider du Creuzot, a triomphé sans

316.0 1832.0 1262.0 61.0 frais d'éloquence, par ses agents, par des circulaires infâmes,

316.0 1898.0 1288.0 59.0 non signées, dont il a d’ailleurs refusé de prendre la responsa-

318.0 1958.0 1326.0 74.0 bilité devant moi et qui me dénonçaient come un imbécile ou comme

135.0 2057.0 949.0 74.0 à Monsieur le Président Nicholas Murray BUTLER.
