1742 2197
818.0 78.0 119.0 59.0 - 2 -

373.0 168.0 1183.0 70.0 puissant devant les combats meurtriers engagés en Belgique

379.0 243.0 1167.0 62.0 et sur nombre de points de notre frontière de l'Est et du

373.0 303.0 1194.0 68.0 Nord, en attendant les grandes batailles et les hécatombes

375.0 378.0 1207.0 59.0 qui s’annoncent. Je suis tout à la pensée de ces calamités

379.0 441.0 1223.0 64.0 effroyables et volontairement déchaînées : tant d’existences

377.0 503.0 1262.0 64.0 précieuses et déjà fauchées ou condamnées ; tant de deuils évi-

381.0 582.0 1282.0 60.0 tables qu'on ne peut plus, qu'on ne veut plus éviter ! Il n'y a

377.0 646.0 1225.0 58.0 pas en France une seule famille qui n'ait donné sans hésiter

377.0 715.0 1260.0 61.0 tous ses enfants en âge de combattre pour repousser l’envahis-

377.0 787.0 1264.0 53.0 seur. Notre ami Charles Richet, à lui seul, a ses quatre fils

377.0 844.0 1165.0 60.0 et son gendre aux avant-postes : Prudhommeaux, Godart sont

375.0 917.0 1264.0 58.0 partis des premiers: à Créans mes neveux, mon gendre, tous les

373.0 988.0 1249.0 53.0 hommes de vingt à quarante huit ans sont partis, sauf un seul

379.0 1047.0 1221.0 62.0 qui va partir ; et cependant leur absence librement consentie

377.0 1118.0 1185.0 64.0 n’arrête aucun travail; dans toutes les Communes, tous les

373.0 1186.0 1169.0 62.0 hameaux de toutes la France, les femmes, les enfants, les

373.0 1250.0 1249.0 60.0 hommes au-dessus de quarante huit ans se sont chargés de sup-

377.0 1312.0 1262.0 70.0 pléer à ceux qui manquent et, avant tout, de poursuivre la ré-

379.0 1389.0 1159.0 57.0 colte que je vois déjà achevée, comme au temps normal !!!

377.0 1446.0 1181.0 58.0 Grâce à cette coopération unanime et spontanée de toute la

373.0 1521.0 1244.0 66.0 nation agissant avec une énergie centuplée, tout ce qui/me pa-

375.0 1580.0 1225.0 71.0 raissait à moi-même irréalisable s’est simplifié ; nos trans-

375.0 1653.0 1209.0 62.0 ports, dont j’ai tant de fois dénoncé la faiblesse en temps

377.0 1724.0 1163.0 53.0 de paix, sont devenus incomparables ! Les automobiles par

375.0 1781.0 1205.0 60.0 centaines de mille volent à la frontière et rivalisent avec

375.0 1847.0 1299.0 68.0 les aéroplanes pour rendre plus dangereux aux allemands l’entrée

375.0 1924.0 1262.0 66.0 de notre territoire ; les mines, les torpilles, les sous-marins

375.0 1995.0 1236.0 64.0 s’apprêtent à réduire au rôle ridicule que j’ai toujours pré-
