1719 2197
696.0 87.0 114.0 48.0 - 2 -

196.0 175.0 1323.0 66.0 qu’un article plus qu’inefficace du plan d’intimidation de l’armée

194.0 252.0 1305.0 61.0 allemande ; il y a en outre ce qu'on ne voit pas et que je me suis

194.0 320.0 1400.0 55.0 fait expliquer à Senlis par des habitants respectables et ce que con-

196.0 382.0 1369.0 61.0 firment mot pour mot des milliers de témoins et, notamment, ma nièce,

194.0 452.0 1338.0 56.0 Mme Petiton et Mard arrivant de Lunéville et de Vitry-le-François,

192.0 518.0 1180.0 58.0 mes blessés et mes réfugiés de Créans, tout le monde enfin.

293.0 584.0 1204.0 54.0 Il y a les incendies, les bombardements, le pillage des mai-

194.0 644.0 1303.0 64.0 sons et des monuments, mais il y a en outre les fusillades et les

192.0 712.0 1021.0 58.0 assassinats des personnes, hommes, femmes, enfants.

291.0 778.0 905.0 53.0 Un mot d'abord des incendies et des pillages.

339.0 816.0 47.0 46.0 n'

291.0 847.0 1165.0 59.0 Il est besoin d’aucun témoignage pour comprendre, à Senlis

188.0 917.0 1408.0 51.0 par exemple, comment la ville a été pillée, brûlée, maison par maison€s€

190.0 979.0 269.0 66.0 et par ordre

293.0 1032.0 1257.0 66.0 Dans la grande que de la République, longue de deux kilom ètres,

188.0 1103.0 1366.0 66.0 deux maisons seules sont restées debout ; l'une parce qu’elle servait

190.0 1175.0 1283.0 58.0 de quartier général à l'Etat Major allemand, l'autre, l'hôtel du

190.0 1244.0 1400.0 52.0 Grand Cerf, où les officiers prenaient leurs repas. Toutes les autres

188.0 1305.0 1384.0 55.0 ont été pillées et brûlées. Pillées comme l'a été, à Villers-Cotteret

190.0 1367.0 1338.0 59.0 le Château de Gaston Menier, qui m'en a parlé, et de la mani ère que

186.0 1442.0 1287.0 57.0 voici: L’armée d’invasion allemande est accompagnée de fourgons

186.0 1499.0 1325.0 64.0 où les officiers déménagent tout ce qui leur paraît mériter d'être

188.0 1574.0 1353.0 59.0 emporté, bronzes, tableaux, tapisseries, curiosités, vins, liqueurs,

186.0 1636.0 1274.0 52.0 etc.etc. Des experts, des antiquaires connaissant bien la France,

188.0 1697.0 1362.0 60.0 où ils ont vécu en grand nombre, et la valeur de ses richesses, leur

188.0 1770.0 1408.0 60.0 servent de guides. Le pillage d’ordinaire est suivi de l’une ou l'autre

188.0 1838.0 1358.0 56.0 et souvent de l’une et de l’autre de ces deux opérations ; d’abord le

188.0 1904.0 1333.0 56.0 soldatesque arrache, brise ou détruit bout ce qui n’est pas enlevé:
