1737 2197
884.0 146.0 142.0 55.0 - 10 -

368.0 270.0 1253.0 74.0 seul, par sa violence, les augmentations de salaire££s££ que récla-

364.0 335.0 1237.0 69.0 mera vainement le travail intellectuel. Un ouvrier finit par

370.0 410.0 1213.0 67.0 être plus payé pour graisser une machine que l'ingénieur qui

368.0 476.0 1198.0 73.0 l'a conçue ou que le professeur qui nous enseigne à nous en

368.0 558.0 183.0 49.0 servir !

725.0 615.0 799.0 55.0 Ajoutez à cette légion de mécontents la

368.0 673.0 1218.0 68.0 multitude des petits ou gros profiteurs de la guerre, qui ne

371.0 748.0 1169.0 61.0 veulent pas qu’on porte atteinte à leur gain, à leur bien,

371.0 816.0 1175.0 66.0 et pour lesquels les élections se sont faites dans la peur

370.0 878.0 1255.0 64.0 d'être dépouillés ; vous comprendrez que les contradictions de

375.0 948.0 1182.0 62.0 la nouvelle loi électorale, les divisions des républicains,

373.0 1023.0 1215.0 59.0 les violences des socialistes bolchevistes, n'ont pas seules

375.0 1080.0 1195.0 64.0 fait le succès de la réaction. La réaction a profité de la

377.0 1147.0 1220.0 66.0 démoralisation d/e la guerre ; c’est normal. Reste à savoir,

375.0 1219.0 1233.0 55.0 encore une fois, si la réaction sera capable de s’imposer les

377.0 1288.0 1195.0 61.0 immenses sacrifices nécesaires pour remettre les choses en

375.0 1347.0 1132.0 64.0 place ou si elle abusera de son pouvoir pour imposer ces

377.0 1418.0 1231.0 57.0 sacrifices à d’autres qu'à elle. Or, comme cet abus est tout

377.0 1479.0 1152.0 71.0 son principe, son origine et sa fin, nous savons où il la

377.0 1550.0 973.0 75.0 mènera, et la France avec elle, malheureusement.

718.0 1742.0 896.0 66.0 Quant à moi, je repars demain pour affronter

381.0 1812.0 1229.0 70.0 dans la Sarthe et enfin braver en face la meute des calomnia-

384.0 1880.0 1171.0 66.0 teurs qui ont bénéficié pendant cinq ans de l’impunité que
