1754 2197
276.0 131.0 216.0 75.0 COPIE

941.0 199.0 536.0 60.0 Schwanden, près Sigriswil

1241.0 245.0 296.0 51.0 Lac de Thoune,

1039.0 331.0 246.0 62.0 6 Aout 1914

1309.0 276.0 133.0 49.0 SUISSE

657.0 474.0 474.0 55.0 Cher Monsieur le Baron,

377.0 664.0 1285.0 77.0 votre patrie, si brutalement attaquée. J'ai vu venir ce danger

571.0 602.0 1076.0 68.0 Mes pensées et mes sympathies sont avec vous et avec

375.0 741.0 1245.0 64.0 je vous l'ai dit à Paris, mais je n'aurais pas cru qu’il soit

377.0 803.0 1186.0 62.0 si pr ès et j’espérais toujours que les éléments pacifistes

373.0 871.0 643.0 60.0 pourraient encore le paralyser.

375.0 1006.0 1228.0 74.0 et pu être évitée. Les militaristes ont emporté la victoire

574.0 944.0 989.0 61.0 La voilà donc venue la catastrophe qui aurait dû

378.0 1082.0 1222.0 62.0 sur l’Empereur et son gouvernemant. Je l’ai annoncé l’année

373.0 1142.0 1199.0 62.0 passée, dans mon "Chauvinisme Allemand" qu’il fallait pren-

373.0 1208.0 458.0 73.0 dre garde à ce danger.

373.0 1347.0 1197.0 62.0 moi de rentrer en Allemagne, et je ne le voudrais même pas.

576.0 1281.0 967.0 62.0 Je reste ici en Suisse ; il n'y a pas moyen pour

373.0 1407.0 1225.0 66.0 J’espère pouvoir travailler ici en paix, autant que possible

369.0 1482.0 1192.0 57.0 dans les circonstances actuelles. On me dit que M. Butler

373.0 1548.0 1223.0 63.0 est en Suisse. Ne pourriez-vous pas me donner son adresse ?

373.0 1622.0 859.0 53.0 Je voudrais me mettre en rapport avec lui.

574.0 1678.0 1002.0 59.0 Soyez convaincu que mes voeux et mes pensées vous

373.0 1746.0 1124.0 70.0 accompagnent dans cette misère et que je serai toujours

972.0 1808.0 368.0 66.0 Votre tout dévoué

1131.0 1878.0 225.0 62.0 O. Nippold

208.0 1968.0 907.0 71.0 Monsieur le Baron d'Estournelles de Constant
