1740 2197
835.0 129.0 99.0 72.0 - 2 -

305.0 261.0 1215.0 64.0 un traître inconscient. Le Gouvernement même l'a aidé ; son

305.0 340.0 1215.0 55.0 représentant à La Flèche allait partout avec mes adversaires

305.0 406.0 1233.0 59.0 pour apporter par sa coopération une autorité officielle à la

304.0 476.0 573.0 54.0 diffamation la plus éhontée.

685.0 540.0 890.0 51.0 on parle de l'ingratitude du peuple ; quelle

305.0 595.0 220.0 71.0 injustice !

685.0 657.0 840.0 73.0 Trouvez donc un homme qui soit insensible,

304.0 732.0 1309.0 58.0 après cinq années de guerre, à cette révélation que son représen-

302.0 794.0 1210.0 66.0 tant, son mandataire est, pour une part, responsable du sang

302.0 871.0 1280.0 60.0 versé, des destructions irréparables et des milliards de dettes,

300.0 937.0 1216.0 57.0 et des désordres et des grèves qui sont la conséquence de la

304.0 1006.0 159.0 59.0 guerre.

677.0 1061.0 894.0 74.0 Le peuple a été trompé, tout simplement. Et

304.0 1138.0 1265.0 63.0 il n’a eu personne que moi pour l'édifier sur mon mérite. J'ai

302.0 1201.0 1249.0 67.0 bien pu, dans une mesure très limitée, m'expliquer. Mais avec

302.0 1268.0 1328.0 70.0 quelle répugnance ! Me disculper d'avoir fait le bien ! Sous peine

296.0 1331.0 1293.0 76.0 de préconiser la révolte, je ne pouvait accuser, à mon tour mes

296.0 1407.0 1290.0 55.0 accusateurs, sans ouvrir contre eux le grand procès. Ils ont donc

294.0 1466.0 1290.0 71.0 bénéficié de l'embarras de ma situation. Et encore pas ouverte-

294.0 1541.0 1273.0 64.0 ment. Pas une seule fois en public on n’a rien osé, rien pu me

294.0 1598.0 1264.0 71.0 reprocher. Seul, à la fin, le Comte de Nicolay, poussé à bout,

291.0 1673.0 1254.0 58.0 ne sachant que dire, m’a reproché de n’avoir servi la paix que

291.0 1739.0 1253.0 69.0 pour toucher de gros traitements à La Haye et le prix Nobel !!

293.0 1805.0 1273.0 60.0 Voilà toute la bassesse de ce dirigeant de demain !! Un de ses

294.0 1874.0 1231.0 68.0 partisans, le dernier jour, a risqué devant lui pour le tirer
