1736 2197
833.0 199.0 121.0 53.0 - 8 -

536.0 283.0 1110.0 79.0 Chaque mauvais journal, dit SALVEMINI, est une fabrique

336.0 353.0 1317.0 88.0 d’explosifs, de gaz asphyxiants. Sans journal populaire de vérité,

338.0 433.0 1227.0 70.0 pas de société des Nations, pas de conciliation, pas de paix.

543.0 497.0 1066.0 63.0 Tous sont convaincus que le public appelle, attend ce

325.0 567.0 1266.0 70.0 journal et que sa création, intelligemment €coup€ entreprise, par

342.0 631.0 1203.0 66.0 un état-major des meilleurs écrivains, penseurs, politiques,

342.0 708.0 1331.0 62.0 voyageurs, artistes, savants et critiques, vulgarisateurs, par une

349.0 767.0 1322.0 66.0 élite en un mot des cerveaux et des cœurs égale à celle qui for-

346.0 838.0 1331.0 66.0 mait , il y a quinze ans, notre Conciliation, pour le monde entier,

344.0 909.0 1271.0 54.0 serait à la fois, pour la DOTATION CARNEGIE, le devoir, en même

346.0 979.0 1247.0 57.0 temps que la bonne affaire, - et pour le monde un incalculable

329.0 1038.0 198.0 67.0 bienfait.

553.0 1098.0 1126.0 62.0 Interrogez MARSHALL à ce su'et. Réfléchissez. - Un jour-

346.0 1175.0 1292.0 64.0 nal de vérité aurait pu empêcher la guerre ; un journal de vérité

347.0 1244.0 691.0 66.0 seul empêchera qu’elle recommence.

554.0 1400.0 1046.0 68.0 En résumé, semaine de travail et d’activité intenses

347.0 1473.0 1324.0 64.0 pour notre Conciliation, pour notre bureau de la rue Pierre-Curie,

349.0 1550.0 1291.0 59.0 et pour son filleul, le bureau interallié des Associations pour

349.0 1609.0 476.0 64.0 la Société des Nations.

553.0 1669.0 1106.0 61.0 Il faut que je me cache, pour trouver le temps, de très

351.0 1741.0 1341.0 62.0 bon matin, dans la solitude, de vous écrire ces résultats et de les

347.0 1805.0 1290.0 58.0 méditer, sans hâte, à tête reposée ; il le faut pourtant, si nous

335.0 1882.0 1287.0 67.0 voulons en tirer parti. Il y a dix ans, on n’admettait pas qu’il
