1731 2197
846.0 212.0 113.0 73.0 - 2 -

342.0 338.0 1247.0 68.0 nous étions plutôt/encouragés et que, suivant le mot du premier

342.0 415.0 1150.0 62.0 ministre italien, c’est entre les Gouvernements une sorte

340.0 477.0 1246.0 63.0 de Steeple-chase, à qui sera non pas le plus circonspect, mais

342.0 551.0 1235.0 65.0 le plus avancé : "Nous voulons réussir, nous disait M. ORLANDO,

344.0 615.0 1225.0 66.0 non pas seulement parce que l’Italie a toujours été favorable

342.0 671.0 1288.0 75.0 à l’arbitrage : l’arbitrage est d’origine latine, romaine ; il est

340.0 743.0 1207.0 75.0 à la base, au commencement de notre droit, - mais dans notre

342.0 809.0 1240.0 78.0 intérêt gouvernemental : le pays n’admettrait pas que nous ren-

342.0 884.0 1235.0 60.0 trions en Italie sans avoir abouti sur la Société des Nations.

544.0 952.0 989.0 67.0 LLOYD GEORGE ne nous demande que de faciliter aux

342.0 1010.0 1282.0 75.0 Gouvernements leur entente en simplifiant le plus possible notre

337.0 1078.0 1227.0 73.0 programme, en réduisant au minimum "les points de résistance";

337.0 1144.0 1265.0 80.0 je l'ai trouvé tout à fait en forme, particulièrement énergique

337.0 1217.0 958.0 66.0 et vif, et déterminé lui aussi à ne pas échouer.

538.0 1287.0 1066.0 65.0 Le pauvre HOUSE se ressent, comme le Président WILSON

337.0 1349.0 1225.0 77.0 lui-même, mais beaucoup plus, étant plus faible, du surmenage

335.0 1411.0 1242.0 82.0 de la vie qu’il mène ; il a maigri sensiblement, pâli: mais n'a

335.0 1477.0 1205.0 84.0 rien perdu de son dévouement à notre cause ; il pense que les

331.0 1545.0 1246.0 78.0 Etats-Unis s’entendront avec l'Angleterre, avec l'Italie, avec

329.0 1616.0 1246.0 84.0 nous, association française, - mais il se demande si nous nous

329.0 1682.0 1193.0 81.0 entendrons, nous,avec le Gouvernement français?........

533.0 1739.0 1099.0 93.0 CLEMENCEAU est toujours CLEMENCEAU ; le tigre n’a jamais

333.0 1807.0 1203.0 82.0 été pacifique ; et cependant je dois dire que je l'ai trouvé

326.0 1880.0 1181.0 89.0 raisonnable le jour où nous l’avons saisi de nos projets de
