1747 2197
957.0 150.0 105.0 60.0 - 5 -

393.0 278.0 1266.0 79.0 stimule et nous pousse aux grandes entreprises ; à la condition

393.0 349.0 1222.0 75.0 qu'il ne nous isole pas dans l’ignorance et le dédain de tout

393.0 417.0 1022.0 64.0 ce qui lui semble inférieur ou extérieur à son moi.

728.0 488.0 863.0 53.0 Puisse la France, respectée comme souvenir,

391.0 554.0 1145.0 61.0 n'être pas considérée uniquement par ses alliés comme une

393.0 618.0 1185.0 64.0 relique, une collection de champs de batailles et une terre

397.0 693.0 507.0 64.0 promise en partie ruinée.

714.0 746.0 908.0 68.0 S’ils venaient à tomber dans cette erreur, la

395.0 812.0 1185.0 74.0 terre promise ruinée deviendrait le point de départ de con-

395.0 884.0 1128.0 68.0 quêtes et de destructions nouvelles, dirigées cette fois

393.0 955.0 1084.0 72.0 non plus contre nous, mais à travers nous, contre eux.

948.0 1083.0 588.0 61.0 Votre affectueusement dévoué,

950.0 1180.0 566.0 92.0 ££

258.0 1406.0 945.0 80.0 à Monsieur le Président Nicholas Murray BUTLER,

651.0 1486.0 202.0 64.0 NEW-YORK.
