1737 2197
892.0 144.0 126.0 53.0 - 4 -

589.0 296.0 1043.0 68.0 A La Flèche, l'incapable Gaudineau, célèbre par son

311.0 377.0 1189.0 55.0 opulente nullité, prend la place de l’admirable Dr. Buquin,

313.0 444.0 1277.0 55.0 respecté de tous et d’autant plus calomnié. A Brûlon, le Comte

311.0 512.0 1338.0 62.0 d'Audigné succède à mon regretté ami Laroche ; le comte de Nicolay

311.0 578.0 1299.0 53.0 siègera désormais pour le Lude, le comte de Rougé pour Sablé. Le

315.0 642.0 1310.0 64.0 canton de Malicorne est en ballottage entre le conseiller sortant

311.0 714.0 1297.0 53.0 républicain et le comte de Vezins. Ailleurs, c’est le Prince de

311.0 778.0 1218.0 58.0 Lucinge, le comte de Dreux-Brézé, le Duc des Curs, le Duc de

311.0 844.0 1297.0 60.0 la Rochefoucauld, parmi lesquels quelques braves gens, mais pour

309.0 911.0 458.0 66.0 la plupart incapables.

608.0 970.0 1000.0 68.0 La réaction triomphe enfin, - mais XXX pour peu de

311.0 1043.0 1261.0 62.0 temps. Elle ne voudra, elle ne pourra pas frapper d’impôts sa

315.0 1113.0 1293.0 60.0 clientèle, ni par conséquent emprunter ; elle s’en prendra à nos

311.0 1180.0 1295.0 63.0 Alliés, et nous poussera rapidement à la faillite, à la discorde

311.0 1252.0 770.0 57.0 et à l’isolement, comme sous l'Empire.

630.0 1312.0 958.0 55.0 D’ici là, heureusement, la France, surprise, se

311.0 1376.0 1233.0 59.0 ressaisira, mais à quel prix ? C'est ce dommage incalculable

313.0 1444.0 1312.0 62.0 que, de toutes mes forces, j'ai voulu éviter. Après cette guerre

311.0 1517.0 1217.0 55.0 néfaste, c'est son lendemain qui commence à peine . Je n'ai

309.0 1580.0 1272.0 62.0 pas le droit de me plaindre, car il m’a été donné de faire tout

311.0 1645.0 1330.0 70.0 ce que j'ai pu, et je n'ai qu’à m'en prendre à ma faiblesse contre

311.0 1715.0 1323.0 60.0 tant d’adversaires, d’ignorants et d’indifférents, si j'ai échoué.

648.0 1783.0 995.0 62.0 J'ai été aidé cependant, et je serais bien ingrat

309.0 1847.0 1219.0 64.0 si, en terminant cette lettre rapide, je ne rappelais pas la
