1754 2197
708.0 86.0 117.0 64.0 - 3 -

366.0 183.0 1263.0 71.0 qu'on traiterait trop bien même, si nous n'y prenions pas gar-

366.0 252.0 1204.0 72.0 de, et qui se rétablissent à vue d’oeil ; la plupart d’entre

368.0 322.0 1243.0 64.0 eux sont tr ès lègèrement atteints par des projectiles que des

369.0 397.0 1280.0 55.0 fournisseurs militaires allemands peu scrupuleux semblent avoir

368.0 463.0 1283.0 55.0 livrés d'une qualité très intérieure à cele ses nôtres ; et ils

366.0 532.0 716.0 53.0 ne demandent qu’a retourner au feu.

569.0 595.0 1044.0 64.0 Aux habitants timides, à ceux qui craignent de voir

369.0 662.0 1262.0 57.0 l’armée allemande ocouper de nouveau Clermont-Créans, come en

371.0 735.0 1298.0 59.0 1870-71, j’entends ma femme, dont vous connaissez les sentiments

368.0 803.0 1283.0 57.0 plus pacifiques encore que les miens, répondre : "En bien, s'ils

368.0 858.0 1274.0 70.0 viennent, ce sera une raison de plus pour rester à notre poste:

368.0 931.0 1299.0 63.0 nous serons à l’entrée du bourg, mon mari et moi pour protester"

388.0 997.0 1237.0 64.0 Je ne vois pas une mère de famille, parmi celles qui comptent

369.0 1060.0 1214.0 62.0 les jours et les heures dans l’attente d’une lettre du fils

368.0 1127.0 1259.0 61.0 ou du mari, ou du frère soldat, qui voudrait abréger la guerre

368.0 1199.0 776.0 62.0 au risque de compromettre la victoire.

569.0 1261.0 1029.0 64.0 Les seuls lâches, ceux qu'on voit revenir méprisés,

369.0 1331.0 1190.0 64.0 quasi déserteurs au pays, sont généralement les braillards,

369.0 1395.0 1218.0 67.0 ceux qui n'ont cessé de réclamer la guerre, de crier d’abord

371.0 1462.0 1265.0 66.0 "mort aux Anglais", puis "mort aux Allemands" ; "mort aus trai-

369.0 1530.0 1194.0 64.0 tre", en attendant de crier "mort: aux Russes"; mais ceux là

369.0 1601.0 1234.0 65.0 je n'en parle pas, il en est dans tous les pays, chez les Al-

369.0 1667.0 1238.0 55.0 lemands comme chez nous ; je vois au contraire mes adversaires

369.0 1719.0 1236.0 75.0 irréductibles, ceux qui n'ont cessé d’insulter, en même temps

368.0 1797.0 1296.0 75.0 que moi, tous nos voisins, et qui les acclament maintenant comme

368.0 1869.0 1274.0 53.0 des sauveurs, sans comprendre que c’est notre politique de con-

371.0 1931.0 1253.0 62.0 ciliation qui leur a valu ce secours ! Je me rapelle encore les

368.0 1993.0 1199.0 75.0 sermons du curé de Clermont-Créans, prononcés il y a quinze

368.0 2061.0 84.0 57.0 ans
