1712 2197
723.0 97.0 111.0 65.0 - 2 -

216.0 195.0 1327.0 64.0 l’affaire du Mexique, ce qui, à mes yeux, n’est pas juste, car s’il

214.0 258.0 1307.0 62.0 était impossible à tout être humain d’éviter, dans une crise aussi

210.0 325.0 1388.0 68.0 grave, des erreurs et même des fautes, il faut voir les choses par les

208.0 397.0 1430.0 62.0 grandes lignes et reconnaître que l’administration du Pt. Wilson a évité

210.0 455.0 1366.0 61.0 la guerre, là où bien d’autres Gouvernements l'auraient crue inévita-

208.0 519.0 1350.0 63.0 ble ou même nécessaire. Aucun Gouvernement ne règlera jamais parfai-

210.0 584.0 1311.0 65.0 tement vos difficultés avec le Mexique, pas plus qu’aucun homme ne

208.0 655.0 1386.0 66.0 peut vivre tranquille avec un voisin turbulent. On ne peut pas rendre

208.0 723.0 1346.0 64.0 le Gouvernement du Pt Wilson, pas plus que celui de M. Taft, respon-

208.0 787.0 1366.0 57.0 sable d’une situation qui résulte de la nature des choses et qui, re-

206.0 853.0 1026.0 58.0 montant à bien loin, se prolongera encore longtemps.

302.0 915.0 1146.0 59.0 En revanche, on n’a pas tenu compte au Gouvernement du Pt.

205.0 975.0 1345.0 74.0 Wilson de sa bien rare énergie dans l’affaire presque désespérée des

206.0 1041.0 947.0 62.0 taxes du canal de Panama. Là il a été admirable.

302.0 1107.0 1113.0 68.0 Il est probable qu'on a reproché aux Démocrates ce qu'on

203.0 1169.0 1285.0 72.0 leur a reproché avec raison dans tous les temps et tous les pays:

201.0 1237.0 1346.0 68.0 leur inexpérience des hommes et des choses, leurs choix de fonction-

199.0 1309.0 1304.0 65.0 naires ou de représentants peu préparés et encore moins qualifiés,

199.0 1367.0 1291.0 68.0 etc. etc. et quantité d’erreurs de détail auxquelles l'opinion est

199.0 1439.0 1350.0 56.0 souvent plus sensible qu’aux grandes fautes. Les Américains sont, en

199.0 1495.0 1364.0 68.0 cette matière, aussi susceptibles que les Français ; les Anglais seuls

201.0 1561.0 1304.0 70.0 supportent, sans même les voir, ces petits ennuis ; ils les évitent

197.0 1633.0 1287.0 58.0 aussi par leur modération et leur respect traditionnel des formes

195.0 1693.0 1348.0 68.0 dont on a bien tort de se moquer. C'est eux qui disent "les manières

197.0 1753.0 1027.0 70.0 font les hommes" ; ils ont raison et ils le prouvent.

291.0 1819.0 1269.0 72.0 Quoi qu’il en soit, les démocrates ont perdu beaucoup de terrain

195.0 1885.0 303.0 63.0 aux Etats-Unis.

289.0 1960.0 1265.0 66.0 Je me demande, - vous ferez la part naturelle de ma partialité,-
