1745 2197
192.0 102.0 514.0 86.0 Annexe à ma lettre N° 498.

457.0 236.0 626.0 77.0 COPIE de la LETTRE ADRESÉE PAR

514.0 318.0 873.0 59.0 M. Alberto d'OLIVEIRA, Ministre du Portugal

552.0 373.0 943.0 79.0 à M. le Président d'ESTOURNELLES de CONSTANT .

1023.0 505.0 410.0 68.0 PARIS, 12 Mars 1919.

712.0 655.0 600.0 73.0 Mon cher Baron d'Estournelles,

633.0 829.0 963.0 58.0 Je constate que personne n’a été nommé jusqu’ici

422.0 878.0 1130.0 77.0 comme représentant du Portugal dans la Dotation Carnegie,

422.0 946.0 1176.0 75.0 à la place de M. le Dr. J. de PAÏVA, décédé il y a quelques

422.0 1017.0 1077.0 70.0 anées. Je me permets donc de vous proposer, pour lui

422.0 1083.0 1174.0 64.0 accéder, mon ami le Comte de PENHA-GARCIA, ancien Ministre

422.0 1153.0 1132.0 66.0 des Finances, ancien Président de la Chambre des Députés

419.0 1230.0 1163.0 53.0 membre de la Cour Permanente d'Arbitrage de La Haye. M. de

421.0 1285.0 1139.0 64.0 PENHA-GARCIA a pris part, à diverses reprises, aux confé-

422.0 1362.0 1079.0 56.0 rences inter-parlementaires de la paix ; (je crois même

421.0 1428.0 1118.0 45.0 qu'il était un des membres de leur comité Exécutif. Il

422.0 1490.0 1136.0 51.0 est, non seulement un homme d'Etat éminent, mais aussi un

422.0 1558.0 1154.0 56.0 conférencier en langue française très distingué, qui s’est

428.0 1612.0 1154.0 61.0 fait apprécier comme tel à Paris à Bordeaux à Bruxelles.

430.0 1655.0 1183.0 53.0 Il a autrefois été un brillant élève de l'Ecole des Sciences

424.0 1691.0 1152.0 51.0 politiques de Paris, avec laquelle il est toujours en rap-

424.0 1722.0 1165.0 53.0 ports suivis. Enfin, il habite Genève, ( Villa "le crillon"

424.0 1761.0 1112.0 40.0 28, chemin des Cottages ) ; il est ainsi tout près de vous

424.0 1786.0 1126.0 50.0 et pourra rendre à votre cause des services bien plus ef-

424.0 1821.0 1172.0 50.0 fectifs que moi-même, toujours errant par monts et par vaux.

426.0 1885.0 1187.0 46.0 dans l'intérêt surtout de la Dotation Carnegie, et vous prie

659.0 1856.0 888.0 46.0 Je compte donc que ma suggestion sera agréée,

432.0 1918.0 1124.0 46.0 de croire mon cher sénateur et ami, à mes sentiments les

424.0 1955.0 506.0 51.0 plus dévoués et cordiaux.

992.0 2006.0 538.0 62.0 Signé: Alberto d'OLIVEIRA.
