1733 2197
232.0 129.0 200.0 70.0 SENAT

723.0 97.0 297.0 56.0 LETTRE N° 585.

1020.0 230.0 557.0 62.0 Paris, le 13 novembre 1919.

503.0 389.0 870.0 77.0 LE MECANISNE de la CALOMNIE INTERNATIONALE -

450.0 461.0 1134.0 82.0 (A propos de la LÉGENDE de l'OFFENSIVE du 16 avril 1917)

846.0 637.0 339.0 58.0 Mon cher Butler,

384.0 829.0 1283.0 66.0 pièce, l’infernal mécanisme de la diffamation internationale. €C€

545.0 761.0 1096.0 62.0 Je ne me lasserai pas de démonter devant vous, pièce à

390.0 900.0 1212.0 63.0 Cela devient si simple que la conscience de tous les gens de

392.0 974.0 1271.0 60.0 bonne foi finira par se révolter contre cet empoisonnement sys-

390.0 1032.0 1212.0 68.0 tématique de l’opinion, empoisonnement plus criminel et plus

392.0 1105.0 703.0 55.0 funeste que celui de€s€ l’alcolisme.

542.0 1173.0 1136.0 53.0 A beau mentir qui vient de loin, dit, avec raison, notre

386.0 1244.0 1253.0 50.0 vieux proverbe français, une calomnie nationale est assez vite

382.0 1307.0 1255.0 64.0 usée et percée à jour, si elle reste à la portée des vérifica-

384.0 1380.0 1255.0 51.0 tions nationales. Il n'en est pas de même si elle est importée

382.0 1444.0 1237.0 51.0 de l'étranger. XXXXXXX Alors elle/arrive avec une apparence

382.0 1512.0 1274.0 58.0 d’universalité plus impressionnante. Elle semble tomber de plus

384.0 1576.0 354.0 64.0 haut, de partout.

540.0 1644.0 1136.0 55.0 Mais comment s’organise cette importation? Spontanément?

382.0 1715.0 1275.0 60.0 Non, bien entendu. Elle est provoquée, patiemment organisée par

381.0 1783.0 1227.0 66.0 les calomniateurs nationaux en quête de renfort et de crédit.

161.0 1905.0 815.0 68.0 à Monsieur le Président N. Murray BUTLER

408.0 1977.0 198.0 80.0 NEW YORK
