1745 2197
739.0 100.0 121.0 61.0 - 5 -

360.0 203.0 1300.0 67.0 plus d'amis et d’alliés que sa politique, devenue juste l’opposé

362.0 267.0 1258.0 62.0 de la politique allemande, s'est inspirée ouvertement de notre

360.0 335.0 1260.0 58.0 propagande de conciliation. C'est ce que proclament autour de

364.0 406.0 1272.0 51.0 moi les hommes que n’aveugle pas la passion,-- et ils sont nom-

364.0 470.0 1254.0 62.0 breux --; j’entends dire souvent et on dira de plus en plus,:"

368.0 536.0 1268.0 62.0 "Nous nous sommes créé autant d'amis que l’Allemagne s’est fait

364.0 604.0 1296.0 60.0 d'ennemis ; c’est le résultat de notre politique pacifique. Nous

364.0 671.0 1296.0 63.0 récoltons ce que nous avons semé." En dehors de nos adversaires

364.0 734.0 1316.0 58.0 habituels et irréductibles et de leurs journaux éternellement les

358.0 805.0 1322.0 60.0 mêmes dans tous les pays, tous tiennent le même langage, et mieux

364.0 873.0 1294.0 64.0 encore, tous ne font plus qu’un: intellectuels, ouvriers, riches

364.0 946.0 1294.0 53.0 et pauvres, réactionnaires, socialistes et pacifistes, tous sont

362.0 1006.0 1247.0 72.0 partis d'un même coeur pour la défense du droit et de la paix

562.0 1074.0 1020.0 64.0 Mais je ne veux pas anticiper sur la lettre que je

366.0 1138.0 1289.0 66.0 dois vous écrire ; j’ai voulu pour aujourd'hui, que vous sachiez

366.0 1212.0 1071.0 62.0 que nous pensons moins à nos souffrances qu'à nos de-

366.0 1283.0 1254.0 53.0 voirs. Dans ma prochaine lettre j’envisagerai, avec les origi-

366.0 1338.0 1269.0 69.0 nes de la guerre, l’avenir qui va s’ouvrir pour notre concilia-

366.0 1411.0 1252.0 57.0 tion. C’est une organisation nouvelle qui surgira de l’ancien-

364.0 1470.0 1227.0 62.0 ne; nous avons dès maintenant à l’envisager et à la préparer,

364.0 1539.0 258.0 64.0 vous et moi.

569.0 1585.0 1091.0 81.0 Combien j’ai regretté de ne pas pouvoir arriver à vous

366.0 1680.0 1194.0 53.0 voir avant votre départ pour les Etats-Unis ; je suis encore

366.0 1742.0 1309.0 54.0 heureux que vous avez pu partir, car, au milieu des jours terri-

364.0 1803.0 1247.0 68.0 bles que va traverser l’Europe, et qui sont à peine commencée

364.0 1872.0 1274.0 61.0 je pense aux immenses services que vous êtes appelé, maintenant

364.0 1937.0 1274.0 67.0 plus que jamais, à rendre dans le nouveau monde et au rôle pro-
