1757 2197
753.0 111.0 115.0 62.0 - 5 -

368.0 205.0 1260.0 75.0 l'arrêter, mais non, ayant manqué sa destinée bienfaisante,; il

373.0 270.0 1253.0 66.0 s’est précipité comme un dément dans un délire de destruction.

375.0 335.0 1261.0 69.0 C'est bien là ce qui résulte de la lecture impartiale du livre

373.0 413.0 1277.0 57.0 bleu et du livre blanc que votre conciliation a pris l’heureuse

375.0 476.0 768.0 69.0 initiative de répandre aux Etats-Unis.

476.0 532.0 1171.0 79.0 Ceux qui, comme vous et tant d’autres de nos amis, ont es-

377.0 606.0 1255.0 69.0 sayé de prévenir la catastrophe, ceux qui ne pouvaient trouver

377.0 679.0 1255.0 66.0 de repos dans leur conscience, aussi longtemps qu’ils voyaient

375.0 737.0 1237.0 72.0 une chance sur mille de persuader l’Empereur et d’orienter sa

377.0 800.0 1216.0 71.0 volonté dans le sens de la justice et de la raison, ceux qui

377.0 869.0 1194.0 68.0 pensaient qu’il pouvait souhaiter d'être le digne souverain

377.0 935.0 1233.0 73.0 du pays de Kant, de Goethe et de Beethoven plutôt que l'héri-

381.0 1010.0 1256.0 66.0 tier sauvage d’Attila, ceux là n'ont rien à se faire pardonner

381.0 1074.0 1256.0 66.0 au contraire ; ils ont été des hommes de bonne volonté,; ils ont

382.0 1140.0 1233.0 62.0 échoué, mais leurs tentatives ingrates méritent le respect du

381.0 1204.0 1214.0 72.0 monde, elles sont plus honorables, en tout cas, et elle pou-

381.0 1266.0 1311.0 76.0 vaient être plus fécondes que le scepticisme de leurs détracteurs

483.0 1334.0 1149.0 72.0 Et maintenant, de jour en jour, le crime de la guerre dé-

386.0 1404.0 1251.0 71.0 chaînée va s’aggraver, et cela toujours pour rien la victoire

382.0 1462.0 1239.0 74.0 allemande n’en restera pas moins stérile ; les cris d’horreur

384.0 1539.0 1246.0 70.0 qu’elle a soulevés sur son passage, des Vosges à l'Atlantique,

386.0 1605.0 1273.0 70.0 restent dominés par notre anathème, par notre protestation de €t€

388.0 1671.0 1215.0 66.0 tout sacrifier plutôt que de subir la honte de la domination

386.0 1741.0 214.0 64.0 allemande.

487.0 1797.0 1136.0 72.0 Et les neutres ? Leur situation n’est pas enviable. On a

388.0 1876.0 1315.0 59.0 beau dire que le Gouvernement Italien en dépit des manifestations

388.0 1933.0 1235.0 69.0 populaires d'hostilité contre l'Autriche et de sympathie pour

392.0 2015.0 1150.0 66.0 la France, attend l'épuisement des uns et des autres pour
