1739 2197
965.0 84.0 116.0 64.0 - 2 -

373.0 300.0 1162.0 62.0 Non, il faudrait les augmenter d’autant plus largement que

665.0 280.0 157.0 53.0 ££

709.0 228.0 907.0 61.0 Peut-on diminuer nos dépenses de production ?

371.0 373.0 1239.0 57.0 notre main d’œuvre, -après tant de pertes et avec notre nata-

375.0 439.0 1180.0 60.0 lité toujours plus réduite, - deviendra plus rare, plus exi-

371.0 494.0 1164.0 71.0 geante, moins instruite et plus surmenée ; il faudrait les

377.0 567.0 1180.0 64.0 augmenter délibérément sous peine de porter le dernier coup

371.0 631.0 1221.0 61.0 à la mise en valeur, trop longtemps sacrifiée, des ressources

373.0 701.0 1210.0 58.0 qui vont nous rester. Pensez qu’il va nous manquer du monde,

373.0 768.0 1219.0 55.0 et du matériel et des forces pour supporter un fardeau quatre

370.0 829.0 1295.0 68.0 fois plus lourd que par le passé ! Nous ferons donc difficilement

373.0 900.0 1237.0 55.0 et j’espère que nous ne voudrons pas faire le sacrifice de nos

370.0 972.0 1257.0 53.0 dépenses de production. Mais, par ailleurs, quelle part énorme

370.0 1032.0 1224.0 62.0 devrons-nous faire à des dépenses qui sont des dettes sacrées

371.0 1100.0 1239.0 62.0 et le plus souvent des charges improductives. Il n’y aura pas

370.0 1160.0 1259.0 68.0 équilibre entre nos pauvres dépenses productives et nos énormes

371.0 1233.0 1221.0 57.0 dépenses improductives. Et alors nous ne pourrons plus faire

370.0 1294.0 1095.0 60.0 face à la concurrence des autres peuples moins chargés.

703.0 1365.0 924.0 55.0 Par exemple, M. Abrami, Sous-Secrétaire d'Etat

370.0 1433.0 1163.0 57.0 à la Guerre, d’accord avec le rapporteur de la loi sur les

370.0 1499.0 1101.0 51.0 pensions, M. Chéron, vient de nous parler, €e€au Sénat, du

371.0 1569.0 1230.0 51.0 chapitre des pensions que vous connaissez bien aux Etats-Unis.

371.0 1625.0 1239.0 61.0 Chez vous, ces pensions, déjà si considérables avant la guerre,

370.0 1697.0 1200.0 62.0 trouvaient leur place, malgré tout, dans l’ensemble de votre

371.0 1764.0 156.0 61.0 budget.

699.0 1823.0 790.0 68.0 En France, sur une population totale de
