1747 2197
186.0 212.0 244.0 88.0 SÉNAT

267 86 231 146 ££

717.0 139.0 319.0 66.0 LETTRE N° 512.

1062.0 234.0 456.0 77.0 PARIS, le 2 Avril 1919

618.0 395.0 455.0 86.0 PROPHYLAXIE

878.0 593.0 337.0 75.0 Mon cher Butler,

391.0 796.0 1284.0 73.0 et de nos pays libérés ; j’ai voulu me rendre compte de l'état de

543.0 730.0 1145.0 68.0 J'étais récemment dans la Sarthe, à mon retour de Londres

388.0 867.0 1207.0 59.0 nos routes que j’avais parcourues l’automne dernier avec vos

390.0 935.0 1205.0 62.0 compatriotes alors arde ment actifs, improvisant partout les

390.0 1003.0 1252.0 64.0 camps, les champs de tir, les €écoles€ les hôpitaux.. Aujourd'

1014.0 979.0 70.0 48.0 ££

386.0 1061.0 1265.0 74.0 ££hui, ce généreux mouvement a cessé : les camps qui subsistent ne

386.0 1140.0 1234.0 61.0 sont plus que des dépôts de passage où les soldats américains,

382.0 1195.0 1152.0 71.0 revenant du front, attendent leur tour d'embarquement par

382.0 1266.0 1233.0 65.0 Saint-Nazaire ou Brest, ou Bordeaux peut-être. Attente longue,

380.0 1329.0 1225.0 69.0 pour des jeunes gens énergiques, tombant subitement de la vie

382.0 1402.0 1180.0 55.0 intense à l'oisiveté. J'avais suggéré qu'on leur confiât la

379.0 1462.0 1259.0 72.0 réfection de nos routes que leurs camions, avec les nôtres, ont

377.0 1536.0 1208.0 69.0 contribué à défoncer, jusqu’à les rendre, en certains points,

111.0 1653.0 811.0 78.0 à Monsieur le Président N. Murray BUTLER

380.0 1733.0 196.0 70.0 NEW YORK
