1748 2197
758.0 95.0 883.0 67.0 Clermont-Créans (Sarthe) le 19 Octobre 1914

677.0 248.0 99.0 70.0 N° 7

551.0 395.0 346.0 64.0 Mon cher Butler,

472.0 496.0 1151.0 64.0 Aujourd'hui plus que jamais nous refusons de nous laisser

379.0 571.0 1226.0 56.0 accuser par nos adversaires et par leurs journaux d'être les

373.0 629.0 1213.0 68.0 partisans de la paix à tout prix ; nous sommes et nous avons

377.0 708.0 1246.0 57.0 toujours été des patriotes ; c’est dans l’intérêt de ma patrie

375.0 774.0 1263.0 53.0 que je repousse la guerre qui lui est faite et qu’en désespoir

375.0 838.0 1301.0 66.0 de cause j’oppose à la guerre barbare le seul obstacle qui puis-

379.0 909.0 1266.0 52.0 se maintenant en avoir raison, la résistance à tout prix. Tan-

375.0 979.0 1187.0 53.0 dis que vous continuez, de l’autre côté de l'Océan, votre

373.0 1045.0 1268.0 55.0 beau rôle d’éducateur de la Conciliation, je ne puis plus par-

375.0 1109.0 1228.0 59.0 ler ici que de combattre par les armes. L’ignorance seule ou

375.0 1180.0 1263.0 57.0 le parti pris pourra trouver une contradiction entre mon atti-

375.0 1235.0 1285.0 72.0 tude d’aujourd'hui et celle d'hier, entre la votre et la mienne

373.0 1310.0 1208.0 53.0 c’est toujours la même : Pro Patria per orbis concordiam. La

375.0 1382.0 1208.0 51.0 conciliation en Europe a fait naufrage ; elle se réfugie aux

375.0 1437.0 1230.0 69.0 Etats Unis ; le nouveau monde sera son arche de Nöé. Mais pas

371.0 1512.0 1188.0 64.0 d’erreur, et pour que votre opinion publique ne s’y trompe

371.0 1574.0 1268.0 60.0 pas, répétons lui sans nous lasser ce que nous avons dit mille

375.0 1644.0 1184.0 56.0 fois, mais ce qu’elle peut oublier dans le désordre actuel

370.0 1715.0 1268.0 53.0 des esprits. C’est pourquoi j’ai donné au New York Times cette

371.0 1783.0 1230.0 56.0 interview que les principaux journaux ont reproduite et dont

373.0 1850.0 1243.0 55.0 voici le texte français, pour le cas où il vous serait arrivé

370.0 1916.0 1218.0 57.0 dénaturé par la transmission télégraphique ou la traduction.

230.0 2013.0 940.0 61.0 à Monsieur le Président Nicholas Murray BUTLER
