1729 2197
853.0 135.0 117.0 59.0 - 2 -

335.0 303.0 1238.0 63.0 terrible dont ils ne pourraient sortir que par les sacrifices

335.0 377.0 833.0 62.0 mêmes qu’ils sont décidés à ne pas faire.

674.0 432.0 935.0 73.0 Quoi qu’il en soit, c’est à eux que la majori-

335.0 503.0 1155.0 68.0 té du pays, grâce aux divisions et à la faiblesse et à la

335.0 578.0 1236.0 51.0 désorganisation des cadres des républicains, vient de confier

333.0 638.0 1216.0 57.0 la lourde tâche de rétablir notre situation intérieure et de

335.0 712.0 734.0 56.0 fortifier nos relations extérieures.

668.0 776.0 940.0 53.0 Les socialistes ont enlevé aux républicains un

335.0 845.0 1251.0 50.0 grand nombre de voix, faute desquelles ont triomphé les candi-

335.0 917.0 1135.0 53.0 dats de concentration à droite. Voilà, en fait, un parti

333.0 970.0 1214.0 68.0 conservateur au pouvoir. Nous verrons ce qu'il donnera. Il

335.0 1049.0 1192.0 54.0 est à peu près constant, en France, qu’après chacune de nos

333.0 1113.0 1211.0 56.0 grandes guerres, la réaction profite du désordre des esprits

333.0 1168.0 1269.0 64.0 et des choses. Le désespoir du pays est sa ressource. Cela ne

331.0 1239.0 1161.0 60.0 dure pas. Nous en avons eu la preuve, après 1815 et 1871,

329.0 1303.0 216.0 64.0 notamment.

670.0 1369.0 934.0 66.0 Il est vrai que les partis d’avant-garde, sur-

331.0 1448.0 1231.0 53.0 tout s’ils sont compromis par des violents, s’effondrent plus

329.0 1506.0 1271.0 64.0 vite encore au pouvoir, témoin le sort de notre admirable révo-

331.0 1583.0 828.0 59.0 lution de 1848, prélude du Second Empire.

664.0 1638.0 898.0 70.0 Ce qui revient à dire, une fois de plus, que

326.0 1704.0 1265.0 66.0 nous sommes le pays de l'ordre, de la mesure et que, chez nous,

329.0 1770.0 1235.0 66.0 toute violence se paie. Malheureusement, c’est la France qui

327.0 1839.0 1173.0 70.0 paiera le prix de ces catastrophes successives et toujours

327.0 1907.0 196.0 64.0 répétées.
