1751 2197
943.0 144.0 113.0 53.0 - 3 -

424.0 238.0 1169.0 69.0 par-dessus tout, d'être exclusivement avec ceux qui défen-

424.0 314.0 1206.0 53.0 daient le Droit contre l'agression allemande. Elle a tenu à

423.0 371.0 1208.0 68.0 ne donner prise à aucune équivoque. Elle a d'ailleurs réglé

423.0 446.0 1207.0 53.0 strictement son attitude sur celle de la Conciliation ; c’est

428.0 510.0 1044.0 59.0 la conciliation qui a été son guide et sa direction.

721.0 576.0 907.0 62.0 Restait à déterminer quelle serait notre atti-

423.0 640.0 1227.0 64.0 tude vis-à-vis des neutres. Cette attitude a été subordonnée

424.0 715.0 1127.0 53.0 aux nécessités de la guerre ; elle a dépendu moins de nos

423.0 779.0 1128.0 54.0 liens avec les neutres que des services qu'ils pouvaient

424.0 840.0 1185.0 62.0 rendre à la cause des Alliés. Nous avons réagi, autant que

423.0 913.0 1164.0 51.0 possible, contre l'inaction des neutres ; nous nous sommes

423.0 977.0 1155.0 57.0 efforcés, soit de les mettre en mouvement pour nous aider,

424.0 1047.0 1125.0 51.0 soit en tous cas de les éclairer sur leur devoir et leur

421.0 1105.0 177.0 68.0 intérêt.

717.0 1171.0 870.0 61.0 En Suisse, nous nous sommes de plus en plus

421.0 1241.0 1165.0 60.0 attachés le Prof. Nippold, qui a fait tout le possible, je

423.0 1307.0 1121.0 66.0 dirais même l'impossible, pour essayer de s’opposer, au

421.0 1382.0 1174.0 55.0 prix de sacrifices que bien peu connaissent et connaîtront,

419.0 1442.0 1203.0 57.0 à la propagande allemande si admirablement organisée. Je lui

417.0 1503.0 1167.0 64.0 demanderai tout à l’heure de nous résumer brièvement quels

417.0 1578.0 1002.0 47.0 ont pu être les résultats de son action en Suisse.

714.0 1644.0 864.0 53.0 En Espagne, nous avions M. Sangro de Olano,

419.0 1709.0 1181.0 57.0 le Secrétaire Général de la conciliation Internationale. Je

419.0 1766.0 1179.0 64.0 tiens d'autant plus à lui rendre justice que le milieu dans

419.0 1839.0 1172.0 63.0 lequel s’exerçait son action rendait sa tâche plus ingrate.
