1735 2197
809 166 140 68 - 2 -

351.0 281.0 1270.0 79.0 vilipendé, menacé, boycotté quand il XXXX n’est pas assassiné.

349.0 360.0 1232.0 59.0 En attendant, et pour l’habituer sans doute à son sort futur,

353.0 432.0 1211.0 55.0 il commence par servir de cible aux jaloux et aux imbéciles.

355.0 499.0 1266.0 59.0 Suivre le courant établi, tel est le moyen de vivre tranquille.

353.0 633.0 1297.0 59.0 ardents à s’entre-combattre : XXXX chacun d’eux est la cible pour

507.0 565.0 1061.0 55.0 Les novateurs qui devraient s’entendre sont les plus

355.0 692.0 1193.0 67.0 l'autre. La France serait trop grande si chacun de ses bons

355.0 768.0 1323.0 55.0 citoyens voulait coopérer avec les autres. Une émulation créatrice

353.0 827.0 1237.0 62.0 se substituerait à nos rivalités destructives. Ce serait trop

355.0 886.0 1330.0 78.0 beau! Contentons-nous de ce que nous sommes et continuons de jouer

353.0 968.0 297.0 59.0 la difficulté.

512.0 1019.0 1070.0 70.0 XX C'est ainsi qu’en Seine-et-Marne les deux listes,

357.0 1091.0 1154.0 67.0 celle de Tardieu, (de concentration à droite ) et celle de

357.0 1160.0 1214.0 68.0 Francklin-Bouillon (de concentration à gauche) échangent des

357.0 1226.0 1264.0 66.0 coups formidables. Vous saurez par le télégraphe les résultats.

514.0 1296.0 1116.0 62.0 Dans la Sarthe, la lutte est simplifiée, Caillaux étant

357.0 1360.0 1174.0 69.0 en prison et moi au Sénat, ce qui est presque la XXXX même

357.0 1433.0 848.0 66.0 chose au cours d’une élection législative.

516.0 1501.0 1154.0 58.0 A Paris, Painlevé, Ferdinand Buisson ont contre eux, avec

359.0 1561.0 1253.0 73.0 les Socialistes Extrémistes, une soi-disant union républicaine

359.0 1636.0 1192.0 61.0 où il ne manque que des républicains, mais les candidats de

357.0 1699.0 1233.0 65.0 droite profitent de la diversion socialiste et des grèves que

357.0 1761.0 1249.0 69.0 XXXXXX rejettent de leur côté les timorés toujours nombreux.

734.0 1836.0 581.0 64.0 Votre affectueusement dévoué

139.0 1940.0 808.0 64.0 à Monsieur le Président N. Murray BUTLER

355.0 2012.0 185.0 71.0 NEW YORK

1071.0 1916.0 369.0 88.0 ££
