1744 2197
780.0 97.0 124.0 58.0 - 6 -

379.0 184.0 1255.0 79.0 sait qu’elle l'a voulue, qu’elle n'a jamais cessé d’y pousser.

379.0 261.0 1220.0 64.0 Tous ses efforts pour nuire se retournent, une fois de plus,

379.0 320.0 1267.0 77.0 contre elle. A la Flèche, c’est une assez vilaine comédie soi-

379.0 393.0 1269.0 62.0 disant patriotique, mais percée à jour ; la vieille réaction ne

377.0 455.0 1233.0 75.0 voit dans la guerre qu’une campagne électorale ; elle en pro-

381.0 525.0 1269.0 70.0 fite pour m’outrager, (voyez les journaux ci-joints ) dans l’es-

379.0 591.0 1310.0 75.0 poir de me discréditer et de m’attirer le plus possible de désa-

382.0 664.0 1292.0 71.0 gréments ; elle me dénonce comme l’ami de l’Allemagne ; elle vou-

382.0 726.0 1228.0 70.0 drait voir brûler Créans comme un refuge de tous les ennemis

382.0 798.0 1307.0 66.0 de la France ; elle me condamne à mort dans ses cafés et dans ses

382.0 871.0 1285.0 60.0 cercles ; elle inquiéte jusqu’à mes amis, en colportant des his-

382.0 933.0 1208.0 75.0 toires d’espion, en signalant mes relations avec l’Empereur

382.0 1003.0 1248.0 62.0 d'Allemagne à qui j’aurais fait prêter deux milliards !!! par

388.0 1078.0 1242.0 66.0 Carnegie !! etc. etc. Tout cela finalement ne touche que les

384.0 1135.0 1211.0 75.0 sots et les médisants ; le peuple, la foule de ceux qui sont

384.0 1206.0 1248.0 66.0 maintenant dévoués à ma politique, à notre politique, restent

382.0 1270.0 1290.0 66.0 plus fid èles que jamais ; ils se taisent, attendent la fin de la

384.0 1336.0 1189.0 70.0 guerre et sachant très bien qu'en fait ce qui est en cause

386.0 1406.0 1264.0 67.0 ce n’est pas tant l’Allemagne que la réaction allemande, l'Em-

384.0 1479.0 1266.0 57.0 pire Allemand, le militarisme allemands ; sachant aussi que si

386.0 1537.0 1207.0 64.0 cette réaction allemande avait pu être abattue plus tôt, la

386.0 1607.0 1255.0 70.0 guerre n'aurait pas été déchainée. Ainsi, loin d'être aveugle,

386.0 1671.0 1218.0 70.0 l'opinion s’éveille à la vérité. Ce qui fait la grandeur et,

384.0 1748.0 1250.0 60.0 pour tout dire, hèlas, la beauté de cette guerre atroce c’est

388.0 1803.0 850.0 73.0 qu’elle est une guerre d’affranchissement.

588.0 1867.0 1113.0 70.0 Les hobereaux de Berlin une fois réduits à l'impuissan-

390.0 1940.0 1262.0 68.0 ce, ceux de Paris, de la Flèche et de partout verront leur do-

386.0 2017.0 1268.0 51.0 mination, déjà bien atteinte, réduite à néant. Profitons de ce
