<?xml version="1.0" encoding="UTF-8"?>
<alto xmlns:xsi="http://www.w3.org/2001/XMLSchema-instance"
      xmlns="http://www.loc.gov/standards/alto/ns-v4#"
      xsi:schemaLocation="http://www.loc.gov/standards/alto/ns-v4# http://www.loc.gov/standards/alto/v4/alto-4-2.xsd">
  <Description>
    <MeasurementUnit>pixel</MeasurementUnit>
    <sourceImageInformation>
      <fileName>FRAD072_12J386_lettre0473_003.jpg</fileName>
      
    </sourceImageInformation>
  </Description>
  
  <Layout>
    <Page WIDTH="1738"
          HEIGHT="2197"
          PHYSICAL_IMG_NR="92"
          ID="eSc_dummypage_">
      <PrintSpace HPOS="0"
                  VPOS="0"
                  WIDTH="1738"
                  HEIGHT="2197">
        

        
        <TextBlock ID="eSc_dummyblock_">
          
          
          <TextLine ID="eSc_line_d08b1375"
                    
                    BASELINE="860 238 945 236" 
                    HPOS="858.0"
                    VPOS="197.0"
                    WIDTH="87.0"
                    HEIGHT="59.0">
            <Shape><Polygon POINTS="860 238 860 250 943 256 945 236 941 208 882 197 880 197 879 197 858 206 860 238"/></Shape>
	    <String CONTENT="- 3 -"
                    HPOS="858.0"
                    VPOS="197.0"
                    WIDTH="87.0"
                    HEIGHT="59.0"></String>
          </TextLine>

          
          
          <TextLine ID="eSc_line_91b6a7aa"
                    
                    BASELINE="338 333 1620 333" 
                    HPOS="338.0"
                    VPOS="298.0"
                    WIDTH="1282.0"
                    HEIGHT="59.0">
            <Shape><Polygon POINTS="338 333 338 357 1620 357 1620 333 1620 305 1351 298 1349 298 1289 305 1270 307 1256 305 1210 298 1208 298 1018 305 981 307 977 307 966 298 965 298 963 298 961 298 959 298 957 298 948 307 946 309 705 309 703 307 677 298 675 298 673 298 543 307 538 307 532 307 410 298 408 298 338 307 338 333"/></Shape>
	    <String CONTENT="Société des Nations, et depuis lors. Il n’est pas homme à croire"
                    HPOS="338.0"
                    VPOS="298.0"
                    WIDTH="1282.0"
                    HEIGHT="59.0"></String>
          </TextLine>

          
          
          <TextLine ID="eSc_line_020ccbb2"
                    
                    BASELINE="336 397 1542 400" 
                    HPOS="336.0"
                    VPOS="366.0"
                    WIDTH="1206.0"
                    HEIGHT="56.0">
            <Shape><Polygon POINTS="336 397 336 422 1540 422 1542 400 1540 373 336 366 336 397"/></Shape>
	    <String CONTENT="à l’esprit de conciliation par/mi les hommes et encore moins"
                    HPOS="336.0"
                    VPOS="366.0"
                    WIDTH="1206.0"
                    HEIGHT="56.0"></String>
          </TextLine>

          
          
          <TextLine ID="eSc_line_a693835b"
                    
                    BASELINE="340 465 1596 468" 
                    HPOS="340.0"
                    VPOS="435.0"
                    WIDTH="1256.0"
                    HEIGHT="61.0">
            <Shape><Polygon POINTS="340 465 340 496 1595 496 1596 468 1595 441 340 435 340 465"/></Shape>
	    <String CONTENT="parmi les peuples, mais il ne se refuse pas à en faire l’essai;"
                    HPOS="340.0"
                    VPOS="435.0"
                    WIDTH="1256.0"
                    HEIGHT="61.0"></String>
          </TextLine>

          
          
          <TextLine ID="eSc_line_f25f37e4"
                    
                    BASELINE="338 536 1562 536" 
                    HPOS="338.0"
                    VPOS="505.0"
                    WIDTH="1224.0"
                    HEIGHT="57.0">
            <Shape><Polygon POINTS="338 536 338 554 1560 562 1562 536 1562 505 338 505 338 536"/></Shape>
	    <String CONTENT="on ne peut pas toujours faire la guerre. Il faut dire que son"
                    HPOS="338.0"
                    VPOS="505.0"
                    WIDTH="1224.0"
                    HEIGHT="57.0"></String>
          </TextLine>

          
          
          <TextLine ID="eSc_line_b81a497f"
                    
                    BASELINE="336 600 1540 604" 
                    HPOS="336.0"
                    VPOS="574.0"
                    WIDTH="1204.0"
                    HEIGHT="52.0">
            <Shape><Polygon POINTS="336 600 336 626 1538 622 1540 604 1538 578 336 574 336 600"/></Shape>
	    <String CONTENT="point de vue, (la guerre avant éclaté pour lui donner raison"
                    HPOS="336.0"
                    VPOS="574.0"
                    WIDTH="1204.0"
                    HEIGHT="52.0"></String>
          </TextLine>

          
          
          <TextLine ID="eSc_line_16bcb3c5"
                    
                    BASELINE="336 668 1661 671" 
                    HPOS="335.0"
                    VPOS="627.0"
                    WIDTH="1326.0"
                    HEIGHT="66.0">
            <Shape><Polygon POINTS="336 668 335 686 1657 693 1661 671 1659 642 1536 644 1529 640 1507 629 1505 629 1503 629 1501 629 1463 640 1450 646 1155 646 1139 640 1102 629 1100 629 1098 629 1097 629 1095 629 1078 640 1069 646 999 646 987 638 955 627 954 627 719 627 717 627 716 627 673 638 657 642 640 638 593 627 591 627 474 638 421 642 336 638 336 668"/></Shape>
	    <String CONTENT="et avant duré ce qu’elle a duré, et détruit ce qu’elle a détruit, )"
                    HPOS="335.0"
                    VPOS="627.0"
                    WIDTH="1326.0"
                    HEIGHT="66.0"></String>
          </TextLine>

          
          
          <TextLine ID="eSc_line_cf46e2a1"
                    
                    BASELINE="335 735 1554 739" 
                    HPOS="333.0"
                    VPOS="710.0"
                    WIDTH="1221.0"
                    HEIGHT="53.0">
            <Shape><Polygon POINTS="335 735 333 750 413 761 415 761 842 754 954 763 955 763 1553 754 1554 739 1553 714 335 710 335 735"/></Shape>
	    <String CONTENT="- s’explique trop bien ; c’est le point de vue de la défiance :"
                    HPOS="333.0"
                    VPOS="710.0"
                    WIDTH="1221.0"
                    HEIGHT="53.0"></String>
          </TextLine>

          
          
          <TextLine ID="eSc_line_f4a64def"
                    
                    BASELINE="336 800 1560 807" 
                    HPOS="335.0"
                    VPOS="774.0"
                    WIDTH="1225.0"
                    HEIGHT="53.0">
            <Shape><Polygon POINTS="336 800 335 822 1556 827 1560 807 1558 779 336 774 336 800"/></Shape>
	    <String CONTENT="experto crede Roberto ; la France est le champ de bataille, la"
                    HPOS="335.0"
                    VPOS="774.0"
                    WIDTH="1225.0"
                    HEIGHT="53.0"></String>
          </TextLine>

          
          
          <TextLine ID="eSc_line_90885605"
                    
                    BASELINE="335 865 1556 871" 
                    HPOS="333.0"
                    VPOS="842.0"
                    WIDTH="1223.0"
                    HEIGHT="49.0">
            <Shape><Polygon POINTS="335 865 333 886 1553 891 1556 871 1554 842 335 842 335 865"/></Shape>
	    <String CONTENT="marche, le rempart des guerres futures ; ne nous trompons pas ;"
                    HPOS="333.0"
                    VPOS="842.0"
                    WIDTH="1223.0"
                    HEIGHT="49.0"></String>
          </TextLine>

          
          
          <TextLine ID="eSc_line_58e30fec"
                    
                    BASELINE="336 931 1582 939" 
                    HPOS="335.0"
                    VPOS="906.0"
                    WIDTH="1247.0"
                    HEIGHT="60.0">
            <Shape><Polygon POINTS="336 931 335 952 1578 966 1582 939 1582 908 336 906 336 931"/></Shape>
	    <String CONTENT="c’est sur elle que tomberont la surprise et la catastrophe, et"
                    HPOS="335.0"
                    VPOS="906.0"
                    WIDTH="1247.0"
                    HEIGHT="60.0"></String>
          </TextLine>

          
          
          <TextLine ID="eSc_line_48c2e016"
                    
                    BASELINE="335 997 1600 1010" 
                    HPOS="333.0"
                    VPOS="964.0"
                    WIDTH="1267.0"
                    HEIGHT="68.0">
            <Shape><Polygon POINTS="335 997 333 1023 1596 1032 1600 1010 1600 983 335 964 335 997"/></Shape>
	    <String CONTENT="peut-être l’anéantissement, si notre Société des Nations permet"
                    HPOS="333.0"
                    VPOS="964.0"
                    WIDTH="1267.0"
                    HEIGHT="68.0"></String>
          </TextLine>

          
          
          <TextLine ID="eSc_line_877eed37"
                    
                    BASELINE="333 1065 1615 1072" 
                    HPOS="331.0"
                    VPOS="1038.0"
                    WIDTH="1284.0"
                    HEIGHT="60.0">
            <Shape><Polygon POINTS="333 1065 331 1085 1611 1098 1615 1072 1613 1041 333 1038 333 1065"/></Shape>
	    <String CONTENT="à la domination allemande de renouveler son agression. Ce n&#39;est"
                    HPOS="331.0"
                    VPOS="1038.0"
                    WIDTH="1284.0"
                    HEIGHT="60.0"></String>
          </TextLine>

          
          
          <TextLine ID="eSc_line_3c692e86"
                    
                    BASELINE="331 1131 1540 1142" 
                    HPOS="329.0"
                    VPOS="1102.0"
                    WIDTH="1211.0"
                    HEIGHT="60.0">
            <Shape><Polygon POINTS="331 1131 329 1157 1536 1162 1540 1142 1538 1111 331 1102 331 1131"/></Shape>
	    <String CONTENT="pas sur l&#39;Amérique que s’abattra la première surprise ; c’est"
                    HPOS="329.0"
                    VPOS="1102.0"
                    WIDTH="1211.0"
                    HEIGHT="60.0"></String>
          </TextLine>

          
          
          <TextLine ID="eSc_line_99327a03"
                    
                    BASELINE="331 1199 1593 1208" 
                    HPOS="329.0"
                    VPOS="1173.0"
                    WIDTH="1264.0"
                    HEIGHT="59.0">
            <Shape><Polygon POINTS="331 1199 329 1217 628 1230 630 1230 791 1222 796 1222 798 1222 835 1232 836 1232 838 1232 1591 1228 1593 1208 1591 1177 331 1173 331 1199"/></Shape>
	    <String CONTENT="sur la France. Il est donc naturel, légitime, et dans l&#39;intérêt:"
                    HPOS="329.0"
                    VPOS="1173.0"
                    WIDTH="1264.0"
                    HEIGHT="59.0"></String>
          </TextLine>

          
          
          <TextLine ID="eSc_line_b11ad95f"
                    
                    BASELINE="329 1266 1593 1277" 
                    HPOS="329.0"
                    VPOS="1241.0"
                    WIDTH="1264.0"
                    HEIGHT="62.0">
            <Shape><Polygon POINTS="329 1266 329 1292 1164 1292 1219 1294 1384 1303 1386 1303 1591 1294 1593 1277 1591 1252 329 1241 329 1266"/></Shape>
	    <String CONTENT="général que la France insiste pour que ses alliés prennent avec"
                    HPOS="329.0"
                    VPOS="1241.0"
                    WIDTH="1264.0"
                    HEIGHT="62.0"></String>
          </TextLine>

          
          
          <TextLine ID="eSc_line_797710e9"
                    
                    BASELINE="329 1331 1393 1340" 
                    HPOS="327.0"
                    VPOS="1307.0"
                    WIDTH="1066.0"
                    HEIGHT="53.0">
            <Shape><Polygon POINTS="329 1331 327 1351 1390 1360 1393 1340 1391 1310 329 1307 329 1331"/></Shape>
	    <String CONTENT="elle des précautions sérieuses contre cette surprise."
                    HPOS="327.0"
                    VPOS="1307.0"
                    WIDTH="1066.0"
                    HEIGHT="53.0"></String>
          </TextLine>

          
          
          <TextLine ID="eSc_line_24c2fee4"
                    
                    BASELINE="531 1398 1591 1409" 
                    HPOS="529.0"
                    VPOS="1373.0"
                    WIDTH="1062.0"
                    HEIGHT="56.0">
            <Shape><Polygon POINTS="531 1398 529 1424 1587 1429 1591 1409 1591 1384 531 1373 531 1398"/></Shape>
	    <String CONTENT="NIPPOLD que je n’ai pas manqué d’appeler à Paris nous"
                    HPOS="529.0"
                    VPOS="1373.0"
                    WIDTH="1062.0"
                    HEIGHT="56.0"></String>
          </TextLine>

          
          
          <TextLine ID="eSc_line_8a4dc6fc"
                    
                    BASELINE="327 1462 1569 1475" 
                    HPOS="325.0"
                    VPOS="1435.0"
                    WIDTH="1244.0"
                    HEIGHT="64.0">
            <Shape><Polygon POINTS="327 1462 325 1481 505 1493 507 1493 622 1486 630 1486 635 1486 688 1495 690 1495 813 1488 840 1488 847 1490 877 1497 879 1497 1565 1499 1569 1475 1569 1446 327 1435 327 1462"/></Shape>
	    <String CONTENT="a terriblement renseignés sur l&#39;état des esprits en Allemagne:"
                    HPOS="325.0"
                    VPOS="1435.0"
                    WIDTH="1244.0"
                    HEIGHT="64.0"></String>
          </TextLine>

          
          
          <TextLine ID="eSc_line_e2dc4910"
                    
                    BASELINE="329 1528 1609 1541" 
                    HPOS="327.0"
                    VPOS="1497.0"
                    WIDTH="1282.0"
                    HEIGHT="72.0">
            <Shape><Polygon POINTS="329 1528 327 1548 1606 1569 1609 1541 1607 1515 329 1497 329 1528"/></Shape>
	    <String CONTENT="Selon lui, la population allemande n’a rien appris ; elle ne voit"
                    HPOS="327.0"
                    VPOS="1497.0"
                    WIDTH="1282.0"
                    HEIGHT="72.0"></String>
          </TextLine>

          
          
          <TextLine ID="eSc_line_3bbccd0d"
                    
                    BASELINE="311 1596 1591 1607" 
                    HPOS="311.0"
                    VPOS="1567.0"
                    WIDTH="1280.0"
                    HEIGHT="67.0">
            <Shape><Polygon POINTS="311 1596 311 1623 932 1622 1095 1625 1430 1634 1432 1634 1589 1625 1591 1607 1589 1583 311 1567 311 1596"/></Shape>
	    <String CONTENT="qu&#39;une chose, c’est qu’elle a été vaincue par une coalition pro-"
                    HPOS="311.0"
                    VPOS="1567.0"
                    WIDTH="1280.0"
                    HEIGHT="67.0"></String>
          </TextLine>

          
          
          <TextLine ID="eSc_line_002a9fcb"
                    
                    BASELINE="327 1662 1543 1671" 
                    HPOS="325.0"
                    VPOS="1636.0"
                    WIDTH="1218.0"
                    HEIGHT="63.0">
            <Shape><Polygon POINTS="327 1662 325 1686 1540 1699 1543 1671 1542 1645 327 1636 327 1662"/></Shape>
	    <String CONTENT="longée ; mais elle n&#39;a pas eu d’autre tort que d&#39;être vaincue."
                    HPOS="325.0"
                    VPOS="1636.0"
                    WIDTH="1218.0"
                    HEIGHT="63.0"></String>
          </TextLine>

          
          
          <TextLine ID="eSc_line_f37387c7"
                    
                    BASELINE="324 1728 1585 1742" 
                    HPOS="322.0"
                    VPOS="1704.0"
                    WIDTH="1263.0"
                    HEIGHT="59.0">
            <Shape><Polygon POINTS="324 1728 322 1750 1582 1763 1585 1742 1585 1711 324 1704 324 1728"/></Shape>
	    <String CONTENT="si elle avait été victorieuse elle aurait eu raison. Elle devra"
                    HPOS="322.0"
                    VPOS="1704.0"
                    WIDTH="1263.0"
                    HEIGHT="59.0"></String>
          </TextLine>

          
          
          <TextLine ID="eSc_line_56adc8b7"
                    
                    BASELINE="322 1792 1582 1810" 
                    HPOS="320.0"
                    VPOS="1763.0"
                    WIDTH="1262.0"
                    HEIGHT="75.0">
            <Shape><Polygon POINTS="322 1792 320 1812 974 1830 976 1830 1300 1827 1455 1838 1457 1838 1580 1829 1582 1810 1578 1777 1461 1785 1448 1775 1446 1775 1444 1775 1443 1775 1441 1775 1346 1783 1313 1774 1311 1774 1309 1774 1303 1774 1212 1781 1190 1772 1188 1772 1186 1772 1184 1772 1179 1772 1122 1779 1075 1770 1067 1770 1065 1770 1051 1770 957 1777 899 1768 891 1768 890 1768 882 1768 827 1775 322 1763 322 1792"/></Shape>
	    <String CONTENT="donc trouver le moyen de reprendre ses forces et sa supériorité"
                    HPOS="320.0"
                    VPOS="1763.0"
                    WIDTH="1262.0"
                    HEIGHT="75.0"></String>
          </TextLine>

          
          
          <TextLine ID="eSc_line_fd129421"
                    
                    BASELINE="324 1861 1642 1876" 
                    HPOS="322.0"
                    VPOS="1836.0"
                    WIDTH="1320.0"
                    HEIGHT="73.0">
            <Shape><Polygon POINTS="324 1861 322 1882 556 1898 558 1898 615 1889 628 1887 642 1889 697 1900 699 1900 818 1893 862 1891 959 1896 1106 1904 1107 1904 1109 1904 1124 1900 1146 1893 1228 1893 1241 1902 1247 1905 1249 1905 1250 1905 1252 1905 1287 1902 1336 1898 1399 1905 1424 1907 1426 1907 1428 1907 1433 1905 1455 1898 1492 1907 1505 1909 1507 1909 1527 1907 1593 1900 1639 1909 1642 1876 1640 1849 324 1836 324 1861"/></Shape>
	    <String CONTENT="tout au moins économique ; on verra ensuite. Mais elle ne reconnaît"
                    HPOS="322.0"
                    VPOS="1836.0"
                    WIDTH="1320.0"
                    HEIGHT="73.0"></String>
          </TextLine>

          
        </TextBlock>
        
      </PrintSpace>
    </Page>
  </Layout>
</alto>
