<?xml version="1.0" encoding="UTF-8"?>
<alto xmlns:xsi="http://www.w3.org/2001/XMLSchema-instance"
      xmlns="http://www.loc.gov/standards/alto/ns-v4#"
      xsi:schemaLocation="http://www.loc.gov/standards/alto/ns-v4# http://www.loc.gov/standards/alto/v4/alto-4-2.xsd">
  <Description>
    <MeasurementUnit>pixel</MeasurementUnit>
    <sourceImageInformation>
      <fileName>FRAD072_12J381_lettre0006_008.jpg</fileName>
      
    </sourceImageInformation>
  </Description>
  
  <Layout>
    <Page WIDTH="1753"
          HEIGHT="2197"
          PHYSICAL_IMG_NR="50"
          ID="eSc_dummypage_">
      <PrintSpace HPOS="0"
                  VPOS="0"
                  WIDTH="1753"
                  HEIGHT="2197">
        

        
        <TextBlock ID="eSc_dummyblock_">
          
          
          <TextLine ID="eSc_line_cf3affac"
                    
                    BASELINE="780 122 903 119" 
                    HPOS="778.0"
                    VPOS="87.0"
                    WIDTH="125.0"
                    HEIGHT="53.0">
            <Shape><Polygon POINTS="780 122 780 140 903 137 903 119 899 91 778 87 780 122"/></Shape>
	    <String CONTENT="- 7 -"
                    HPOS="778.0"
                    VPOS="87.0"
                    WIDTH="125.0"
                    HEIGHT="53.0"></String>
          </TextLine>

          
          
          <TextLine ID="eSc_line_e12012ef"
                    
                    BASELINE="379 219 1621 230" 
                    HPOS="377.0"
                    VPOS="179.0"
                    WIDTH="1244.0"
                    HEIGHT="73.0">
            <Shape><Polygon POINTS="377 252 1619 252 1621 230 1619 195 1549 201 1536 194 1533 190 1531 190 1529 190 1527 190 1487 194 1430 197 1421 192 1417 188 1415 188 1414 188 1333 188 1331 188 1311 190 1252 199 1122 188 1093 186 1091 186 1082 188 1033 197 849 186 848 186 846 186 844 186 829 195 798 184 794 183 793 183 791 183 782 184 730 194 703 183 701 183 699 183 694 183 587 194 540 181 538 181 536 181 534 181 509 194 426 194 381 179 379 219 377 252"/></Shape>
	    <String CONTENT="que nous avons pour nous la jeune Russie dans cette insurrec-"
                    HPOS="377.0"
                    VPOS="179.0"
                    WIDTH="1244.0"
                    HEIGHT="73.0"></String>
          </TextLine>

          
          
          <TextLine ID="eSc_line_c32b5963"
                    
                    BASELINE="381 285 1542 291" 
                    HPOS="379.0"
                    VPOS="261.0"
                    WIDTH="1163.0"
                    HEIGHT="64.0">
            <Shape><Polygon POINTS="381 285 379 309 483 322 485 322 710 313 714 313 718 313 846 324 848 324 937 314 1025 324 1027 324 1141 314 1154 314 1157 314 1188 325 1190 325 1192 325 1540 316 1542 291 1540 265 381 261 381 285"/></Shape>
	    <String CONTENT="tion générale contre l’autocratie allemande, nous verrons"
                    HPOS="379.0"
                    VPOS="261.0"
                    WIDTH="1163.0"
                    HEIGHT="64.0"></String>
          </TextLine>

          
          
          <TextLine ID="eSc_line_b527d9c4"
                    
                    BASELINE="377 357 1643 360" 
                    HPOS="377.0"
                    VPOS="322.0"
                    WIDTH="1266.0"
                    HEIGHT="73.0">
            <Shape><Polygon POINTS="377 357 377 391 562 384 573 391 575 393 577 393 578 393 580 393 593 391 626 384 637 391 639 393 641 393 642 393 644 395 778 395 778 393 780 393 793 389 813 384 844 389 868 393 870 393 903 389 941 384 972 389 1011 395 1012 395 1014 395 1034 388 1044 386 1055 388 1086 395 1088 395 1170 388 1196 386 1210 388 1263 395 1265 395 1527 386 1540 386 1542 386 1584 395 1586 395 1641 384 1643 360 1639 325 1560 335 1503 325 1502 325 1348 335 1311 325 1309 325 1307 325 1306 325 1304 325 1289 335 1210 325 1208 325 1207 325 1183 336 1012 336 923 324 921 324 851 335 479 335 459 324 457 324 456 324 454 324 432 333 377 322 377 357"/></Shape>
	    <String CONTENT="plus tard. Et qui sait si la Russe ne profitera pas elle-même"
                    HPOS="377.0"
                    VPOS="322.0"
                    WIDTH="1266.0"
                    HEIGHT="73.0"></String>
          </TextLine>

          
          
          <TextLine ID="eSc_line_033b758f"
                    
                    BASELINE="377 422 1560 426" 
                    HPOS="377.0"
                    VPOS="395.0"
                    WIDTH="1183.0"
                    HEIGHT="66.0">
            <Shape><Polygon POINTS="377 422 377 457 791 450 807 455 818 459 820 459 822 459 824 459 826 459 831 455 840 450 926 450 948 455 978 461 979 461 1300 452 1353 452 1362 452 1428 461 1430 461 1558 450 1560 426 1558 399 377 395 377 422"/></Shape>
	    <String CONTENT="des grands changements qui vont s’accomplir grace à elle ?"
                    HPOS="377.0"
                    VPOS="395.0"
                    WIDTH="1183.0"
                    HEIGHT="66.0"></String>
          </TextLine>

          
          
          <TextLine ID="eSc_line_8cbc5db0"
                    
                    BASELINE="578 488 1619 496" 
                    HPOS="577.0"
                    VPOS="455.0"
                    WIDTH="1042.0"
                    HEIGHT="64.0">
            <Shape><Polygon POINTS="578 488 577 516 1615 519 1619 496 1617 470 578 455 578 488"/></Shape>
	    <String CONTENT="L’essentiel c’est de maintenir unies en France tou-"
                    HPOS="577.0"
                    VPOS="455.0"
                    WIDTH="1042.0"
                    HEIGHT="64.0"></String>
          </TextLine>

          
          
          <TextLine ID="eSc_line_85f5be9d"
                    
                    BASELINE="379 556 1641 565" 
                    HPOS="377.0"
                    VPOS="519.0"
                    WIDTH="1264.0"
                    HEIGHT="77.0">
            <Shape><Polygon POINTS="377 578 423 591 424 591 426 591 527 580 531 580 536 580 631 593 633 593 635 593 655 584 732 593 734 593 862 582 870 582 892 593 893 593 1137 596 1139 596 1141 596 1188 585 1637 585 1641 565 1639 530 1439 538 1419 529 1415 527 1414 527 1302 525 1300 525 1298 525 1296 525 1295 527 1282 538 1143 538 1082 525 1064 523 1062 523 1040 525 978 534 939 525 932 523 930 523 928 523 926 523 923 525 903 534 849 525 831 521 829 521 782 523 648 532 589 523 569 519 567 519 566 519 564 519 560 523 547 530 476 521 467 521 465 521 457 521 402 530 381 521 379 556 377 578"/></Shape>
	    <String CONTENT="tes les forces de libération, lesquelles entrainent avec elles"
                    HPOS="377.0"
                    VPOS="519.0"
                    WIDTH="1264.0"
                    HEIGHT="77.0"></String>
          </TextLine>

          
          
          <TextLine ID="eSc_line_e55200a1"
                    
                    BASELINE="379 624 1038 624" 
                    HPOS="379.0"
                    VPOS="593.0"
                    WIDTH="659.0"
                    HEIGHT="67.0">
            <Shape><Polygon POINTS="379 624 379 649 1036 660 1038 624 1036 593 379 598 379 624"/></Shape>
	    <String CONTENT="toute la France, toute l’Europe."
                    HPOS="379.0"
                    VPOS="593.0"
                    WIDTH="659.0"
                    HEIGHT="67.0"></String>
          </TextLine>

          
          
          <TextLine ID="eSc_line_e4f6b510"
                    
                    BASELINE="575 690 1622 699" 
                    HPOS="573.0"
                    VPOS="659.0"
                    WIDTH="1049.0"
                    HEIGHT="62.0">
            <Shape><Polygon POINTS="575 690 573 721 1621 721 1622 699 1621 666 1415 673 1375 664 1359 660 1357 660 1355 660 1340 664 1309 671 1296 664 1293 660 1291 660 1289 660 1287 660 1263 662 1214 670 1201 662 1196 659 1194 659 1192 659 1190 659 1148 662 1078 670 1029 662 1005 659 1003 659 1001 659 992 662 974 668 575 660 575 690"/></Shape>
	    <String CONTENT="Mais c’est pourquoi vos lettres me sont un encoura-"
                    HPOS="573.0"
                    VPOS="659.0"
                    WIDTH="1049.0"
                    HEIGHT="62.0"></String>
          </TextLine>

          
          
          <TextLine ID="eSc_line_a820f01d"
                    
                    BASELINE="373 761 1346 761" 
                    HPOS="373.0"
                    VPOS="735.0"
                    WIDTH="973.0"
                    HEIGHT="65.0">
            <Shape><Polygon POINTS="373 761 373 783 434 792 435 792 501 785 525 783 531 785 553 798 555 798 556 798 608 789 637 796 639 796 641 796 642 796 644 796 657 787 659 785 659 787 670 794 672 794 674 794 675 794 677 794 679 794 690 787 696 783 701 787 708 794 710 794 712 794 714 794 716 794 736 787 751 783 881 783 899 789 923 798 925 798 926 798 928 798 952 789 959 787 963 790 976 798 978 798 979 798 981 800 1062 800 1062 798 1064 798 1066 798 1066 796 1073 790 1078 783 1093 790 1108 798 1110 798 1111 798 1159 792 1207 785 1229 792 1247 798 1249 798 1251 798 1252 798 1267 792 1284 787 1344 792 1346 761 1344 735 373 735 373 761"/></Shape>
	    <String CONTENT="gement si précieux et me rassurent complètement."
                    HPOS="373.0"
                    VPOS="735.0"
                    WIDTH="973.0"
                    HEIGHT="65.0"></String>
          </TextLine>

          
          
          <TextLine ID="eSc_line_2375f4c6"
                    
                    BASELINE="577 827 1655 834" 
                    HPOS="575.0"
                    VPOS="787.0"
                    WIDTH="1080.0"
                    HEIGHT="75.0">
            <Shape><Polygon POINTS="575 853 1113 851 1141 860 1144 860 1146 860 1148 860 1174 860 1313 853 1652 862 1655 834 1654 792 1513 803 1377 790 1368 790 1366 790 1351 790 1170 801 1124 790 1119 789 1117 789 1115 789 1113 789 1110 790 1091 800 1042 790 1033 789 1031 789 1011 790 886 800 833 800 820 789 818 787 816 787 815 787 813 787 798 789 754 800 602 800 578 789 577 827 575 853"/></Shape>
	    <String CONTENT="Il est impossible que devant la lutte gigantesque qui"
                    HPOS="575.0"
                    VPOS="787.0"
                    WIDTH="1080.0"
                    HEIGHT="75.0"></String>
          </TextLine>

          
          
          <TextLine ID="eSc_line_08fec3e7"
                    
                    BASELINE="373 895 1661 902" 
                    HPOS="373.0"
                    VPOS="856.0"
                    WIDTH="1288.0"
                    HEIGHT="75.0">
            <Shape><Polygon POINTS="1659 875 1608 864 1606 864 1359 869 1280 871 1276 869 1269 862 1267 862 1265 862 1263 862 1139 867 1018 871 1001 864 989 860 987 860 985 860 983 860 972 864 959 869 903 864 870 860 868 860 866 860 855 862 826 869 586 860 584 860 582 860 553 867 544 858 542 858 540 858 538 858 536 858 534 858 520 869 417 869 375 856 373 895 373 924 668 917 741 928 751 928 752 928 773 928 910 919 948 928 950 928 952 928 954 928 998 920 1144 930 1161 930 1163 930 1166 930 1212 920 1324 930 1344 931 1346 931 1362 931 1454 922 1491 931 1492 931 1494 931 1496 931 1502 931 1569 922 1657 931 1661 902 1659 875"/></Shape>
	    <String CONTENT="se poursuit en Europe, le nouveau monde reste simple spectateur."
                    HPOS="373.0"
                    VPOS="856.0"
                    WIDTH="1288.0"
                    HEIGHT="75.0"></String>
          </TextLine>

          
          
          <TextLine ID="eSc_line_bfa0ddca"
                    
                    BASELINE="371 961 1613 968" 
                    HPOS="371.0"
                    VPOS="926.0"
                    WIDTH="1242.0"
                    HEIGHT="71.0">
            <Shape><Polygon POINTS="371 961 371 992 637 984 696 994 708 995 710 995 756 994 965 986 1029 995 1044 997 1045 997 1064 995 1128 988 1610 997 1613 968 1611 942 1320 942 1315 937 1306 931 1304 931 1302 931 1300 931 943 933 417 935 371 926 371 961"/></Shape>
	    <String CONTENT="Je ne demande pas qu’il intervienne par les armes, mais qu’il"
                    HPOS="371.0"
                    VPOS="926.0"
                    WIDTH="1242.0"
                    HEIGHT="71.0"></String>
          </TextLine>

          
          
          <TextLine ID="eSc_line_f09126b5"
                    
                    BASELINE="371 1027 1672 1036" 
                    HPOS="370.0"
                    VPOS="990.0"
                    WIDTH="1302.0"
                    HEIGHT="77.0">
            <Shape><Polygon POINTS="371 1027 370 1049 399 1060 401 1060 402 1060 611 1052 642 1052 675 1054 809 1061 811 1061 838 1056 859 1052 970 1052 978 1058 985 1063 987 1063 989 1063 990 1065 1089 1065 1089 1063 1091 1063 1093 1063 1097 1060 1106 1054 1113 1060 1119 1063 1121 1063 1122 1063 1124 1063 1214 1061 1406 1056 1668 1067 1672 1036 1670 1003 1423 1006 1355 999 1337 997 1335 997 1333 997 1328 999 1302 1006 1251 997 1243 997 1241 997 1232 997 1155 1006 1111 997 1104 995 1102 995 1089 995 1012 1005 963 995 961 995 959 995 958 995 904 1005 870 994 868 994 866 994 864 994 859 994 815 1003 769 994 767 994 765 994 763 994 641 1003 624 992 622 992 620 992 619 992 611 992 457 1001 371 990 371 1027"/></Shape>
	    <String CONTENT="ne cache pas sa pensée, son aversion pour l’horrible vieille qui"
                    HPOS="370.0"
                    VPOS="990.0"
                    WIDTH="1302.0"
                    HEIGHT="77.0"></String>
          </TextLine>

          
          
          <TextLine ID="eSc_line_e0ade50d"
                    
                    BASELINE="371 1093 1637 1100" 
                    HPOS="370.0"
                    VPOS="1065.0"
                    WIDTH="1267.0"
                    HEIGHT="64.0">
            <Shape><Polygon POINTS="371 1093 370 1114 435 1125 437 1125 613 1118 624 1118 630 1118 705 1127 707 1129 1635 1129 1637 1100 1633 1067 1322 1074 1225 1065 1214 1065 371 1065 371 1093"/></Shape>
	    <String CONTENT="s’appelle la réaction ou l’ordre moral, et qui n’est vraiement"
                    HPOS="370.0"
                    VPOS="1065.0"
                    WIDTH="1267.0"
                    HEIGHT="64.0"></String>
          </TextLine>

          
          
          <TextLine ID="eSc_line_d9c846bd"
                    
                    BASELINE="373 1160 1611 1169" 
                    HPOS="373.0"
                    VPOS="1127.0"
                    WIDTH="1238.0"
                    HEIGHT="72.0">
            <Shape><Polygon POINTS="373 1160 373 1190 1318 1190 1328 1190 1390 1199 1392 1199 1610 1190 1611 1169 1610 1144 373 1127 373 1160"/></Shape>
	    <String CONTENT="que la mort : qu’il ne cache pas son indignation pour l’abomi-"
                    HPOS="373.0"
                    VPOS="1127.0"
                    WIDTH="1238.0"
                    HEIGHT="72.0"></String>
          </TextLine>

          
          
          <TextLine ID="eSc_line_e36d302c"
                    
                    BASELINE="371 1230 1573 1239" 
                    HPOS="370.0"
                    VPOS="1201.0"
                    WIDTH="1203.0"
                    HEIGHT="64.0">
            <Shape><Polygon POINTS="371 1230 370 1248 395 1259 397 1259 399 1259 494 1252 641 1261 642 1261 804 1254 829 1254 831 1254 849 1263 851 1263 853 1265 1571 1265 1573 1239 1571 1212 371 1201 371 1230"/></Shape>
	    <String CONTENT="nable calcul de cette réaction incapable de rien comprendre"
                    HPOS="370.0"
                    VPOS="1201.0"
                    WIDTH="1203.0"
                    HEIGHT="64.0"></String>
          </TextLine>

          
          
          <TextLine ID="eSc_line_41178da1"
                    
                    BASELINE="370 1298 1610 1303" 
                    HPOS="368.0"
                    VPOS="1263.0"
                    WIDTH="1242.0"
                    HEIGHT="68.0">
            <Shape><Polygon POINTS="368 1325 1606 1331 1610 1303 1608 1277 1476 1268 1474 1268 1472 1268 1456 1276 1448 1279 1236 1279 1165 1272 1102 1266 1100 1266 1099 1266 1097 1266 1091 1270 1082 1277 892 1277 882 1268 881 1266 879 1266 877 1266 875 1266 873 1266 866 1268 848 1274 805 1268 782 1265 780 1265 760 1266 718 1274 697 1266 692 1265 690 1265 688 1265 661 1266 553 1274 516 1265 514 1265 512 1265 511 1265 509 1265 496 1276 395 1276 371 1263 370 1298 368 1325"/></Shape>
	    <String CONTENT="à la vie, au travail, à la science, à l&#39;art, au génie humain!"
                    HPOS="368.0"
                    VPOS="1263.0"
                    WIDTH="1242.0"
                    HEIGHT="68.0"></String>
          </TextLine>

          
          
          <TextLine ID="eSc_line_428dd34d"
                    
                    BASELINE="371 1363 1674 1373" 
                    HPOS="371.0"
                    VPOS="1338.0"
                    WIDTH="1303.0"
                    HEIGHT="57.0">
            <Shape><Polygon POINTS="371 1363 371 1395 1672 1395 1674 1373 1674 1338 371 1338 371 1363"/></Shape>
	    <String CONTENT="Qu’il ne reste pas sceptique devant les attentats séniles de ces"
                    HPOS="371.0"
                    VPOS="1338.0"
                    WIDTH="1303.0"
                    HEIGHT="57.0"></String>
          </TextLine>

          
          
          <TextLine ID="eSc_line_062a8ddb"
                    
                    BASELINE="368 1429 1610 1440" 
                    HPOS="366.0"
                    VPOS="1398.0"
                    WIDTH="1244.0"
                    HEIGHT="72.0">
            <Shape><Polygon POINTS="368 1429 366 1450 384 1461 386 1461 388 1461 703 1455 762 1455 780 1457 838 1464 840 1464 934 1459 983 1457 996 1461 1014 1466 1016 1466 1018 1466 1192 1464 1397 1461 1606 1470 1610 1440 1610 1413 368 1398 368 1429"/></Shape>
	    <String CONTENT="armées qui ne respectent plus rien, ni femmes, ni enfants, ni"
                    HPOS="366.0"
                    VPOS="1398.0"
                    WIDTH="1244.0"
                    HEIGHT="72.0"></String>
          </TextLine>

          
          
          <TextLine ID="eSc_line_e71356a9"
                    
                    BASELINE="368 1499 1630 1508" 
                    HPOS="366.0"
                    VPOS="1471.0"
                    WIDTH="1264.0"
                    HEIGHT="65.0">
            <Shape><Polygon POINTS="368 1499 366 1519 1126 1534 1128 1534 1370 1526 1377 1526 1379 1526 1439 1536 1441 1536 1628 1526 1630 1508 1628 1471 368 1471 368 1499"/></Shape>
	    <String CONTENT="vieillards, ni villes ouvertes, ni musées, ni cathédrales! Ces"
                    HPOS="366.0"
                    VPOS="1471.0"
                    WIDTH="1264.0"
                    HEIGHT="65.0"></String>
          </TextLine>

          
          
          <TextLine ID="eSc_line_ea287525"
                    
                    BASELINE="368 1563 1646 1576" 
                    HPOS="368.0"
                    VPOS="1536.0"
                    WIDTH="1278.0"
                    HEIGHT="69.0">
            <Shape><Polygon POINTS="368 1563 368 1594 793 1590 811 1596 824 1600 826 1600 827 1600 829 1600 842 1596 859 1590 915 1596 976 1601 978 1601 1029 1596 1064 1592 1100 1596 1161 1603 1163 1603 1238 1596 1265 1594 1269 1596 1276 1603 1276 1605 1278 1605 1280 1605 1282 1605 1644 1596 1646 1576 1646 1545 368 1536 368 1563"/></Shape>
	    <String CONTENT="armées qui ont l’ordre, non plus de vaincre, puisque leurs vic-"
                    HPOS="368.0"
                    VPOS="1536.0"
                    WIDTH="1278.0"
                    HEIGHT="69.0"></String>
          </TextLine>

          
          
          <TextLine ID="eSc_line_6a56b430"
                    
                    BASELINE="370 1629 1199 1633" 
                    HPOS="368.0"
                    VPOS="1598.0"
                    WIDTH="831.0"
                    HEIGHT="68.0">
            <Shape><Polygon POINTS="370 1629 368 1656 1196 1666 1199 1633 1197 1603 370 1598 370 1629"/></Shape>
	    <String CONTENT="toires seront inutiles, mais de détruire."
                    HPOS="368.0"
                    VPOS="1598.0"
                    WIDTH="831.0"
                    HEIGHT="68.0"></String>
          </TextLine>

          
          
          <TextLine ID="eSc_line_456d570f"
                    
                    BASELINE="566 1699 1626 1706" 
                    HPOS="564.0"
                    VPOS="1662.0"
                    WIDTH="1062.0"
                    HEIGHT="73.0">
            <Shape><Polygon POINTS="564 1728 1622 1735 1626 1706 1624 1678 1036 1666 1034 1666 910 1667 591 1671 567 1662 566 1699 564 1728"/></Shape>
	    <String CONTENT="Détruire pour détruire, détruire la France, détruire"
                    HPOS="564.0"
                    VPOS="1662.0"
                    WIDTH="1062.0"
                    HEIGHT="73.0"></String>
          </TextLine>

          
          
          <TextLine ID="eSc_line_786b2efa"
                    
                    BASELINE="366 1766 1646 1774" 
                    HPOS="366.0"
                    VPOS="1739.0"
                    WIDTH="1280.0"
                    HEIGHT="57.0">
            <Shape><Polygon POINTS="366 1766 366 1796 1644 1794 1646 1774 1646 1744 366 1739 366 1766"/></Shape>
	    <String CONTENT="le passé, l’histoire, la beauté, détruire ce que le monde vient"
                    HPOS="366.0"
                    VPOS="1739.0"
                    WIDTH="1280.0"
                    HEIGHT="57.0"></String>
          </TextLine>

          
          
          <TextLine ID="eSc_line_e6a5a6fe"
                    
                    BASELINE="368 1830 1584 1841" 
                    HPOS="366.0"
                    VPOS="1792.0"
                    WIDTH="1218.0"
                    HEIGHT="80.0">
            <Shape><Polygon POINTS="368 1830 366 1849 399 1863 401 1863 402 1863 511 1852 569 1865 571 1865 573 1865 604 1854 696 1854 710 1865 712 1865 714 1865 716 1865 807 1856 838 1867 840 1867 842 1867 972 1856 1000 1869 1001 1869 1003 1869 1168 1858 1382 1872 1384 1872 1514 1861 1544 1872 1546 1872 1547 1872 1549 1872 1582 1860 1584 1841 1580 1803 976 1807 368 1792 368 1830"/></Shape>
	    <String CONTENT="comme en pèlerinage, aimer et admirer en France, voilà main-"
                    HPOS="366.0"
                    VPOS="1792.0"
                    WIDTH="1218.0"
                    HEIGHT="80.0"></String>
          </TextLine>

          
          
          <TextLine ID="eSc_line_89a08886"
                    
                    BASELINE="366 1896 1646 1904" 
                    HPOS="364.0"
                    VPOS="1858.0"
                    WIDTH="1282.0"
                    HEIGHT="75.0">
            <Shape><Polygon POINTS="364 1924 1643 1933 1646 1904 1643 1872 1130 1874 1117 1865 1115 1863 1113 1863 1111 1863 1016 1863 1014 1863 1005 1865 961 1872 926 1863 925 1863 923 1863 921 1863 908 1863 762 1872 712 1861 710 1861 708 1861 707 1861 653 1871 641 1860 639 1860 637 1860 522 1860 520 1860 518 1860 516 1860 496 1872 410 1872 368 1858 366 1896 364 1924"/></Shape>
	    <String CONTENT="tenant le plan de campagne des armées allemandes ; voilà à quel€e€"
                    HPOS="364.0"
                    VPOS="1858.0"
                    WIDTH="1282.0"
                    HEIGHT="75.0"></String>
          </TextLine>

          
          
          <TextLine ID="eSc_line_ae1e8e83"
                    
                    BASELINE="362 1960 1622 1971" 
                    HPOS="362.0"
                    VPOS="1927.0"
                    WIDTH="1260.0"
                    HEIGHT="72.0">
            <Shape><Polygon POINTS="362 1960 362 1986 549 1986 551 1986 573 1995 575 1995 577 1995 719 1988 732 1988 736 1988 782 1997 783 1997 930 1990 937 1990 941 1990 992 1999 994 1999 1621 1993 1622 1971 1622 1946 1139 1933 1137 1933 807 1938 789 1938 780 1931 780 1929 778 1929 776 1929 774 1929 597 1937 595 1937 567 1927 566 1927 564 1927 362 1935 362 1960"/></Shape>
	    <String CONTENT="degré de bestialité un Gouvernement réactionnaire a pu réduire"
                    HPOS="362.0"
                    VPOS="1927.0"
                    WIDTH="1260.0"
                    HEIGHT="72.0"></String>
          </TextLine>

          
          
          <TextLine ID="eSc_line_db7b8285"
                    
                    BASELINE="362 2024 1553 2037" 
                    HPOS="360.0"
                    VPOS="1997.0"
                    WIDTH="1193.0"
                    HEIGHT="73.0">
            <Shape><Polygon POINTS="362 2024 360 2046 533 2061 534 2061 631 2054 824 2063 826 2063 827 2063 851 2056 860 2054 866 2057 882 2065 884 2065 886 2065 983 2059 1040 2056 1060 2061 1077 2065 1078 2065 1080 2065 1137 2061 1212 2057 1245 2063 1271 2068 1273 2068 1293 2065 1320 2059 1355 2067 1382 2070 1384 2070 1410 2067 1450 2061 1549 2068 1553 2037 1551 2008 362 1997 362 2024"/></Shape>
	    <String CONTENT="un jeune peuple ! Et quel peuple! Voilà le crime des crimes,"
                    HPOS="360.0"
                    VPOS="1997.0"
                    WIDTH="1193.0"
                    HEIGHT="73.0"></String>
          </TextLine>

          
        </TextBlock>
        
      </PrintSpace>
    </Page>
  </Layout>
</alto>
