1738 2197
675.0 95.0 127.0 62.0 - 5 -

558.0 188.0 1070.0 62.0 Nous sommes à Créans sans aucune nouvelle personnelle

360.0 256.0 1182.0 71.0 comme tout le monde, de nos combattants. Personne ne peut

358.0 324.0 1224.0 67.0 envoyer ni recevoir de lettres contenant des indications sur

362.0 402.0 1198.0 57.0 la situation et sur les mouvements des armées. Je suis ren-

360.0 466.0 1204.0 59.0 seigné pourtant par l’unanimité des blessés que j’interroge

360.0 536.0 1121.0 62.0 au Mans et à La Fl èche, et aussi par des réfugiés de la

360.0 593.0 1277.0 73.0 Belgique et du Nord ou de l'Est de la France, dont les maisons,

362.0 668.0 1225.0 55.0 les villes et les villages ont été détruits, et qui viennent

362.0 735.0 1234.0 61.0 en grand nombre chercher un refuge vers le Centre et le midi.

360.0 796.0 1213.0 66.0 Nous avons des Belges par milliers à loger avec nos blessés,

364.0 862.0 1242.0 66.0 sans compter l’armée anglaise, nombreuse au Mans. Les détails

364.0 928.0 1256.0 64.0 que j’entends, invariablement les mêmes, sur les violations du

362.0 997.0 1242.0 64.0 Droit des gens commises par les Allemands dépassent les limi-

364.0 1065.0 1276.0 62.0 tes de l’invraisemblances. On avu des officiers allemands don-

362.0 1136.0 1244.0 55.0 ner l’ordre et l’exemple d’achever les blessés, mettre le feu

364.0 1201.0 1223.0 58.0 à la paille sur laquelle on les avait entassés et les brûler

366.0 1265.0 1216.0 60.0 vivants ; cela constamment ; des villages, des villes sans dé-

368.0 1334.0 1298.0 64.0 fense, comme Louvain, sont bombardés et incendiés ; les allemands

366.0 1409.0 1241.0 61.0 pour avancer impunément, prennent sur leur passage les jeunes

369.0 1475.0 1271.0 62.0 filles, les femmes, les enfants et les poussant devant eux com-

364.0 1537.0 1223.0 57.0 me des boucliers. Tout ce que nous avons dénoncé d’atrocités

369.0 1601.0 1178.0 70.0 commises dans les Balkans se répète maintenant au coeur de

366.0 1667.0 1278.0 68.0 l’Europe ; les Turcs, à leur tour, vont prendre leur revanche et

366.0 1730.0 1238.0 75.0 mettre de nouveau à feu et à sang non plus seulement les Bal-

368.0 1803.0 1199.0 62.0 kans mais la Turquie d'Asie ; ce que nous avions écrit comme

371.0 1871.0 1233.0 56.0 conclusion n’aura été d’une préface. C'est la Barbarie triom-

368.0 1937.0 1258.0 62.0 phante ; mais ce triomphe ne sera que momentané, et je n’entend

369.0 1999.0 1229.0 69.0 personne différer sur la conclusion de ce drame épouvantable:
