1768 2197
864.0 73.0 127.0 99.0 - 2 -

313.0 276.0 1202.0 57.0 échanges de conversations insipides, ce spectacle enchanteur

333.0 338.0 1183.0 66.0 "une nature toujours la même et jamais la même, comme l'eau

316.0 406.0 1309.0 59.0 courante, comme la vie : une nature qui vous parle comme un regard,

309.0 470.0 1284.0 70.0 sans dire un mot ; une nature qui vous a connu tout enfant, vous

307.0 540.0 1246.0 60.0 reconnaît, vous encourage de sa persistance inlassable et vous

305.0 604.0 944.0 64.0 sourit, quand tout en vous est près de pleurer.

661.0 670.0 865.0 64.0 Ah que je plains les êtres qui voient vite,

305.0 734.0 1222.0 69.0 lisent vite, et traversent le monde des choses et des idées à

307.0 796.0 1336.0 75.0 toute vapeur. La France mérite d'être visitée, à petites journées.

657.0 873.0 973.0 57.0 Donc je suis parti, après de nombreuses tournées

302.0 928.0 1326.0 67.0 préparatoires, et des lettres et des télégrammes échangés, méticu-

304.0 999.0 1343.0 66.0 leusement, suivant l'itinéraire que voici et dont je ne me suis pas

305.0 1061.0 1263.0 64.0 écarté d'un kilomètre. Je suis parti de Créans, mon auto pleine

304.0 1135.0 1264.0 58.0 de bidons d’essence, (- on n'en trouve pas dans le pays-) et de

304.0 1202.0 1244.0 63.0 pneus et d'huile et de chambres à air, et de couvertures et de

304.0 1259.0 1244.0 73.0 caoutchouc, par un temps maussade et, par extraordinaire, très

302.0 1334.0 1262.0 62.0 froid le Samedi matin 27 Septembre. De la douce vallée du Loir

300.0 1396.0 1207.0 65.0 je suis passé dans le bassin plus important de la Sarthe, en

302.0 1466.0 1242.0 64.0 commençant par Malicorne où m’attendaient, à l’heure dite, des

300.0 1528.0 1299.0 70.0 amis fidèles et sûrs ; puis, suivant la rivière, je me suis arrê-

298.0 1587.0 1206.0 77.0 té à Noyen, foyer d'autres amis fidèles et sûrs, mais que je

298.0 1658.0 1204.0 68.0 n'avais pour ainsi dire pas revus depuis la guerre. Ils ont

298.0 1720.0 1244.0 68.0 changé, comme moi sans doute, de visage mais non de coeur ; un

296.0 1797.0 1259.0 64.0 regard heureux de se revoir nous fixe les uns et les autres sur

296.0 1852.0 1242.0 86.0 l’avenir, après cette horrible guerre. On est toujours là, on
