1735 2197
895.0 166.0 101.0 51.0 - 7 -

373.0 287.0 1193.0 79.0 à cheval sur les traditions monarchiques que leurs ancêtres

373.0 375.0 317.0 51.0 n'existent pas.

712.0 558.0 896.0 66.0 Quelqu'un, parlant de cette nouvelle chambre

373.0 627.0 1252.0 61.0 d’après guerre, confirme ce que j'ai pensé tout de suite ; elle

375.0 701.0 1251.0 60.0 rappelle la fameuse "Chambre introuvable", celle de la Terreur

373.0 761.0 1286.0 66.0 Blanche, contre laquelle les libéraux de la Restauration combat-

377.0 833.0 1231.0 60.0 tirent si glorieusement, avec des chefs qui s'appelaient alors

373.0 904.0 1151.0 62.0 La Fayette, mon grand'oncle Benjamin Constant, le Général

375.0 964.0 273.0 70.0 Foy, etc.....

377.0 1109.0 251.0 57.0 ressuscitée.

712.0 1032.0 894.0 55.0 On a dit aussi ; c’est une chambre des Pairs

709.0 1166.0 895.0 60.0 Voyez, d'ailleurs, tous les journaux qui ont

375.0 1237.0 1140.0 50.0 formé le bloc de droite, depuis le GAULOIS, le "FIGARO",

377.0 1301.0 1211.0 55.0 l''ECHO de PARIS", l''ACTION FRANCAISE". "LA CROIX", jusqu'au

377.0 1360.0 1246.0 68.0 "TEMPS", malheureusement et jusqu’aux "DEBATS", tous s’applau-

375.0 1435.0 1169.0 57.0 dissent, comme d’un triomphe, du résultat, désastreux pour

375.0 1501.0 509.0 64.0 la France, des élections.

710.0 1569.0 861.0 54.0 Ce que durera ce succès ? Encore une fois,

371.0 1631.0 1173.0 58.0 attendons. Un ministère de gauche très-modérée, ne pouvant

375.0 1704.0 1229.0 49.0 vivre que par l’appui de la droite, va se former, à la grande

371.0 1763.0 1211.0 56.0 joie de M. Poincaré qui s’imaginera tromper une fois de plus

373.0 1838.0 1237.0 56.0 l'opinion. On parle d’un ministère Millerand ; si Clemenceau,

375.0 1905.0 1187.0 64.0 qui est artiste, décide de finir en beauté et de se retirer
