1744 2197
754.0 98.0 119.0 63.0 - 5 -

375.0 194.0 1183.0 73.0 faillite ou s’imposerat-elle plus que jamais comme le seul

371.0 270.0 1206.0 63.0 remède au retour du mal déchainé par une succession d’impé-

371.0 336.0 819.0 55.0 rialismes rivaux ? Tel est le problème.

571.0 404.0 1048.0 61.0 Je crois que la guerre actuelle a été la démonstra-

371.0 461.0 1248.0 73.0 tion de notre thème par l’absurde. L'absurdité du fait brutal

371.0 534.0 1206.0 68.0 aura suppléé à l’impuissance de la raison. C’est le classi-

370.0 604.0 701.0 69.0 que enseignement des catastrophes,

573.0 668.0 985.0 71.0 Quant on se rendra compte que tous les résultats

370.0 734.0 1166.0 67.0 de la guerre auraient pu être obtenus dans la paix par un

370.0 800.0 1289.0 67.0 effort général de bonnes volontés, et que la guerre aura laissé

368.0 869.0 1310.0 61.0 en revanche quels ferments de rancune, de haine, de représailles

370.0 942.0 1227.0 59.0 de bestialité : quand on saura, en outre, que la guerre aura

368.0 1014.0 1227.0 55.0 été, pour une large part, succitée, malgré les gouvernements

370.0 1078.0 1243.0 51.0 et les Parlements, par les manoeuvres d’une bande internatio-

366.0 1146.0 1185.0 49.0 nale de fournisseurs militaires et par leurs journaux tout

366.0 1212.0 1176.0 56.0 puissants, quand on se rendra compte que ces fournisseurs,

366.0 1270.0 1286.0 70.0 ces journaux, ont joué de la guerre comme d’un épouvantail pour

368.0 1345.0 1284.0 59.0 entretenir l'état général d’inquiétude favorable à leurs sinis-

370.0 1411.0 1278.0 55.0 tres opérations, alors il se fera un retour d'opinion pour sou-

368.0 1471.0 1262.0 70.0 tenir, trop tard hélas, mais pour soutenir, à la fin, les hom-

364.0 1541.0 1167.0 68.0 mes qui ont, comme vous et nos amis, préconisé plûtot que

366.0 1607.0 1293.0 64.0 la guerre l’arbitrage et plutôt que l’arbitrage la conciliation.

564.0 1682.0 1024.0 62.0 Nous devons plus que jamais affirmer notre convic-

368.0 1750.0 1183.0 58.0 tion, notre programme, sauver notre organisation ; plus que

370.0 1805.0 1278.0 71.0 jamais notre devise "Pro patria per obis concordiam", sera celle

364.0 1882.0 1260.0 56.0 de tout bon patriote qui voudra développer la prospérité inté-

364.0 1938.0 1337.0 79.0 rieure de son pays à la faveur de ses bonnes relations extérieures
