1741 2197
659.0 78.0 246.0 66.0 LETTRE N° 8

190.0 183.0 200.0 69.0 SENAT

749.0 195.0 871.0 75.0 Clermomt-Créans (Sarthe) le 2 Novembre 1914

584.0 421.0 337.0 49.0 Mon cher Butler,

311.0 503.0 1191.0 71.0 Je suis allé passer, hier dimanche de la Toussaint, avec M.

214.0 576.0 1371.0 73.0 et Mme Puech, la journée à Senlis, tout près de Paris, à moitié che-

212.0 644.0 1415.0 66.0 min de Compi ègne. Je vous envoie quelques photographies de ce qui res-

214.0 708.0 1411.0 68.0 te de cette jolie ville ouverte et pacifique apr ès le passage de l’ar-

212.0 783.0 1419.0 68.0 mée allemande. C'est ce que nous avons vu de nos yeux, et c’est peu de

214.0 842.0 1396.0 69.0 chose, - m’assurent des témoins dignes de foi, (L. Bourgeois, G. Menier

212.0 915.0 1417.0 60.0 A. Robin et beaucoup d’autres) - auprès des atrocités commises de sang

218.0 983.0 1409.0 60.0 froid dans le nord et dans l’est ; là plus malheureuses encore que Sen-

216.0 1049.0 1413.0 62.0 lis, des régions enti ères ont été systématiquement dévastées et souil-

216.0 1114.0 1413.0 74.0 lées ; là il ne reste rien, pas même les murs des maisons ; etiam perie-

218.0 1186.0 251.0 62.0 runt ruinae.

318.0 1243.0 1195.0 71.0 Si jamais la France, soulevée par les haines qui survivront

214.0 1307.0 1395.0 67.0 à de pareilles atrocités, se laissait entraîner, pour châtier les Al-

221.0 1374.0 1408.0 77.0 lemands, à les imiter, il faudrait l’excuser peut-être, mais je rougi-

218.0 1446.0 291.0 69.0 rais de honte.

320.0 1506.0 1199.0 68.0 Ces ruines ne disent rien des massacres et des lâchetés qui

218.0 1569.0 1396.0 76.0 nécessairement les accompagnent et qui sont devenus la méthode quoti-

221.0 1636.0 1411.0 77.0 dienne du commandement allemand, méthode à la fois monstrueuse et stu-

219.0 1708.0 1412.0 75.0 pide, puisqu’elle n’aboutit qu’à l’exaspération des habitants ; détruire

221.0 1779.0 1316.0 71.0 les maisons, les musées, les églises, les bibliothèques, ce n'est

161.0 1905.0 934.0 75.0 à Monsieur le Président Nicholas Murray BUTLER

472.0 1960.0 200.0 55.0 NEW-YORK.
