1745 2197
829.0 173.0 115.0 46.0 - 3 -

327.0 292.0 1304.0 74.0 portassent mon nom, n'a été lue ou ret££nue. Elles ont échappé à la

335.0 364.0 1274.0 58.0 censure, comme aux obus et aux sous-marins. Plus tard, quand les

331.0 435.0 1340.0 59.0 Etats-Unis ont enfin pris parti et sont devenus nos alliés, je n’ai

329.0 503.0 1357.0 64.0 rien changé à la modestie du bureau; je n’ai pas crié par dessus les

329.0 571.0 1355.0 55.0 toits qu’il avait travaillé obstinément à l’amitié puis à l’alliance

329.0 629.0 1276.0 74.0 franco-américain ; j’ai laissé, - trop peut-être, - quiconque l'a

327.0 695.0 784.0 62.0 voulu récolter ce que nous avions semé.

523.0 761.0 1121.0 72.0 Et hier, il me semblait, sans m'en prévaloir pour le bu-

325.0 838.0 1354.0 57.0 reau, sans que j’aie même voulu qu'on fit un discours, ni la moindre

322.0 902.0 1333.0 66.0 allocution de circonstance, il me semblait que nos invités choisis,

322.0 972.0 1283.0 58.0 empressés, nous rendaient justice. En tout cas, ils se rendaient

324.0 1038.0 1334.0 55.0 compte que nous avons fait œuvre bien utile et que notre concilia-

322.0 1096.0 1318.0 64.0 tion a été, est et sera le grand devoir, parce qu’elle répond à un

320.0 1164.0 1296.0 62.0 grand et universel besoin, d'autant plus grand qu’il est plus in-

320.0 1228.0 1289.0 77.0 grat. Les Américains et les Français qui étaient là comprenaient,

318.0 1294.0 484.0 69.0 sentaient, appréciaient.

527.0 1387.0 1084.0 61.0 Beaucoup de dames étaient venues ; et il y en aurait eu

331.0 1450.0 1318.0 67.0 davantage si notre réunion n’avait coïncidé avec une manifestation

331.0 1514.0 1331.0 76.0 officielle au Trocadéro. Tous nos amis n'étaient pas là. Nous avons

331.0 1590.0 1229.0 65.0 été heureux d’accueillir parmi les Américains, Mesdames HOUSE,

327.0 1660.0 1282.0 53.0 MEZES, SCOTT. STRAUS, FERN ANDREWS; le Général PATRICK, BEAUMONT

327.0 1722.0 1335.0 59.0 et beaucoup de savants et de personnalités françaises, le vice-Ami-

327.0 1785.0 1266.0 69.0 ral FOURNIER, L. BOURGEOIS, A. WEISS, BRIEUX, Ferdinand BUISSON,

324.0 1845.0 1316.0 79.0 XXX AULARD, L. SARRUT. Premier Président de la Cour de Cassation

329.0 1909.0 1278.0 86.0 le Professeur BOUCLÉ, le Doyen P. APPELL, S. E. LOU TSENG TSIANG.
