1745 2197
856.0 126.0 118.0 80.0 - 5 -

377.0 272.0 1144.0 63.0 avez bien lu ; 50.000 francs, auxquels il faut ajouter la

377.0 342.0 1201.0 58.0 prime, les allocations, etc... etc... Ces gens ont été heu-

1444.0 311.0 95.0 51.0 trop

380.0 406.0 1178.0 64.0 reux, malgré leurs malheurs, pour se bien garder contre les

377.0 479.0 448.0 55.0 surprises de l'avenir.

710.0 530.0 928.0 72.0 Je fais la part des bénéfices de guerre, c’est

377.0 607.0 1216.0 63.0 entendu ; mais je fais la part aussi de la fertilité du pays;

379.0 675.0 1219.0 59.0 et je vous répète, -pensant à ce que la France porte de fruits

379.0 739.0 1177.0 57.0 variés, incomparables, produits d'une coopération séculaire

379.0 801.0 1197.0 66.0 du sol, du climat et de l'habitant,- je vous répète : prenez

373.0 871.0 1263.0 68.0 garde, si vous voulez sauver la paix, défendez la France, foyer

377.0 941.0 1203.0 62.0 de liberté et d’idée, mais proie d'autant plus tentante pour

379.0 1003.0 327.0 71.0 les conquérants.

1008.0 1131.0 579.0 68.0 Votre affectueusement dévoué,

997.0 1197.0 337.0 113.0 ££

199.0 1426.0 941.0 77.0 à Monsieur le Président Nicholas Murray BUTLER,

609.0 1508.0 202.0 73.0 NEW-YORK.
