1735 2197
720.0 97.0 120.0 45.0 - 2 -

316.0 140.0 1206.0 85.0 guère à Berlin ; à la veille de la guerre la moitié de notre

318.0 208.0 1242.0 83.0 parti socialiste préconisait la grève générale : Jaurès dénon-

324.0 278.0 1220.0 79.0 cé systématiquement par la réaction comme un traitre vendu à

324.0 344.0 1161.0 78.0 l'Allemagne, était assassiné soi-disant par un fou, Paris

322.0 415.0 1264.0 75.0 devait se soulever ; il a suffi de l’agression austro-allemande

324.0 479.0 1262.0 81.0 pour réconcilier, sur la tombe même de Jaurès, tous les frères

326.0 558.0 1260.0 71.0 ennemis et pour en faire un bloc unique, insoluble, des défen-

326.0 613.0 1262.0 79.0 seurs de la paix et du droit. Cela fait, l'Etat Major, attaqué

326.0 679.0 1291.0 82.0 la veille par une bonne partie de la chambre, par les Augagneur,

326.0 756.0 1262.0 62.0 les Godart et tous les adversaires de la loi de trois ans, n’a

327.0 814.0 1277.0 81.0 plus connu un seul détracteur ; il a débuté par des succés ines-

326.0 876.0 1346.0 81.0 pérés en Alsace, puis sont devenus les revers, l’entrée des armées

329.0 953.0 1220.0 70.0 Allemandes en France, leurs progrès rapides, leur marche sur

329.0 1025.0 1294.0 66.0 Paris... l'arrivée des trains de blessés, des trains de réfugiés,

333.0 1093.0 1220.0 65.0 et encore des blessés, toujours des blessés........... ainsi

333.0 1151.0 1222.0 73.0 les jours et les jours se sont succédés sans nouvelles, dans

335.0 1219.0 1238.0 68.0 la tritesse, mais dans l’union quand même, dans la discipline

335.0 1299.0 811.0 68.0 absolument librement consentie par tous.

534.0 1351.0 1096.0 75.0 A Créans tous les hommes sont partis, ma ferme est vi-

335.0 1422.0 1280.0 73.0 de, et, comme je vous l’ai dit, le travail se fait tout de même

335.0 1486.0 1282.0 72.0 on trouve le moyen de nourrir, en plus des blessés, les Anglais

337.0 1556.0 1300.0 71.0 de plus en plus nombreux, les Belges, les prisonniers ; au moulin

338.0 1623.0 1298.0 76.0 la meunière a ses quatre fils à l’armée, plus un gendre ; je vais

338.0 1695.0 1277.0 69.0 la voir ; pas une larme, elle regarde droit devant elle, toute à

340.0 1755.0 1239.0 70.0 son ouvrage, et se borne à dire: "il le faut" Et elle continue

338.0 1825.0 1263.0 68.0 sa tâche comme la veille, comme toujours, avec plus d’activité

340.0 1891.0 1297.0 69.0 seulement et de sérieux qu’auparavant, afin de faire double tra-

340.0 1957.0 1263.0 66.0 vail. Et cependant, malgré l’absence de nouvelles, on commence

340.0 2021.0 35.0 62.0 à
