1745 2197
721.0 86.0 121.0 45.0 - 2 -

362.0 166.0 1141.0 81.0 davantage encore. On les regrettera quand ils partiront.

362.0 241.0 1174.0 70.0 Les Anglais que je vois au Mans, par milliers, artilleurs

369.0 300.0 1258.0 75.0 fantassins, cavaliers, highlanders, motocyclistes, mécaniciens

366.0 375.0 1281.0 64.0 défilent ou se prom ènent tout heureux dans les rues, s’exercent

368.0 435.0 1179.0 72.0 sous le commandement de leurs officiers ou des nôtres, sur

366.0 501.0 1243.0 72.0 nos champs de manoeuvre ; ilssont chez eux, animés de la réso-

369.0 569.0 1236.0 71.0 lution tranquille que vous leur connaissez ; on ne leur repro-

371.0 640.0 1179.0 64.0 che que de se faire tuer trop impassiblement par le feu de

369.0 703.0 1224.0 76.0 l’ennemi, de même que notre infanterie s’est fait décimer au

369.0 776.0 1242.0 60.0 début dans ses charges chevaleresques mais folles à la baïon-

369.0 844.0 1284.0 64.0 nette ;ils sont bien tenus, droits et fiers ils encourageraient

369.0 911.0 1225.0 72.0 par leur bel exemple, nos populations à la fermeté, si elles

371.0 984.0 1243.0 61.0 en avaient besoin, aussi faut-il voir comme on leur fait fête

373.0 1049.0 1216.0 64.0 quelles attentions on a pour eux dans les moindres villages:

377.0 1111.0 1217.0 73.0 ils passaient hier matin à Clermont-Créans ; tous les enfants

373.0 1175.0 1282.0 79.0 du bourg étaient là, toutes les femmes ; ils ont fait halte pour

373.0 1243.0 1280.0 75.0 préparer leur breakfast invariable: François leur servant d’in-

377.0 1309.0 1159.0 78.0 terprète ; c’était un plaisir de voir la population, qu'on

379.0 1376.0 1171.0 77.0 pourrait croire maintenant sans ressources, leur apporter,

377.0 1455.0 1181.0 60.0 avec des fleurs, du cidre,-pas d’alcool,(nous l’avons fait

380.0 1515.0 1216.0 74.0 interdire dans tout le département et nous avons fait fermer

379.0 1589.0 1179.0 60.0 tous les cafés à la troupe à partir de six heures du soir)

379.0 1651.0 1208.0 66.0 du lait, des oeufs surtout pour qu’ils puissent faire frire,

379.0 1719.0 1235.0 58.0 aux yeux ravis des ménagéres, leurs "eggs and bacon" et accom-

379.0 1788.0 1201.0 64.0 pagner solidement leur traditionnelle "cup of tea". Je vous

380.0 1847.0 1240.0 64.0 assure que la population, à ce moment, pensait plus à la joie

380.0 1915.0 1258.0 64.0 de bien accueillir des jeunes gens qu’à la tristesse de ne pas

382.0 1982.0 1200.0 75.0 savoir où sont les nôtres ; elle se rattrape sur les blessés
