1734 2197
875.0 133.0 89.0 59.0 - 3 -

324.0 250.0 1259.0 75.0 Gouvernement d’union sacrée, anti-socialiste, est plus ou moins

329.0 324.0 1196.0 65.0 anti-démocratique et perd par là tous les avantages naturels

325.0 388.0 1236.0 64.0 que nous pouvions tirer de notre résistance héroïque à l’auto-

324.0 454.0 1199.0 60.0 cratie". O paradoxe! combattre l’autocratie chez les autres

322.0 521.0 1219.0 66.0 et la d/émocratie chez nous!! Mais, tout de même, et surtout

320.0 595.0 1280.0 62.0 après les souffrances et les expériences de la guerre, la France

322.0 657.0 1258.0 66.0 restera la France. Que pensera-t-elle, intelligente comme elle

320.0 725.0 1236.0 54.0 l'est, si elle constate qu 'on a fondé une société des Nations

320.0 789.0 1256.0 62.0 dont elle sera la dupe ou la victime, et qu’elle est expropriée

318.0 853.0 1134.0 62.0 de ses traditions séculaires par ses propres alliés ....

653.0 919.0 784.0 65.0 Une grande déception suivra la guerre.-

313.0 983.0 1280.0 73.0 Bourgeois m'a parlé de son intention de protester, d'accord avec

318.0 1058.0 1260.0 62.0 Clemenceau, si on ne tient pas compte de ses avis. Il a raison

314.0 1116.0 1236.0 64.0 et Clemenceau aussi a raison sur les trois points que je viens

311.0 1190.0 1258.0 64.0 d’indiquer. Qu'on y prenne garde : les discussions personnel-

311.0 1255.0 1144.0 61.0 les d'hommes politiques sont superficielles ;- la période

311.0 1316.0 1217.0 64.0 transitoire de l'armistice est passagère ; - les hommes et les

309.0 1387.0 1181.0 61.0 choses passeront. Clemenceau, Bourgeois, comme le Président

307.0 1453.0 1220.0 68.0 Wilson passeront ; mais, si leur oeuvre n'est pas durable, les

307.0 1515.0 722.0 61.0 déceptions resteront et les dangers.

640.0 1585.0 824.0 62.0 C'est ce que je me suis décidé à écrire à

300.0 1644.0 1164.0 75.0 Lloyd George par la lettre personnelle ci-jointe, que j’ai

302.0 1715.0 1179.0 55.0 communiquée au Président Wilson, au colonel House à Arthur

300.0 1748.0 1278.0 57.0 Balfour et à Lord Robert Cecil en m'autorisant de mes relations

302.0 1788.0 1193.0 53.0 anciennes avec eux, cela dans l'intérét de Bourgeois, qui ne

302.0 1818.0 1254.0 53.0 m'en saura peut-être pas gré, et de Clemenceau, et de la Confé-

300.0 1849.0 1197.0 60.0 rence, dont je ne fais pas partie, malheureusement, mais que

305.0 1887.0 876.0 64.0 je tiens à servir quand même et malgré tout.

908.0 1949.0 576.0 66.0 Votre affectueusement dévoué,

100.0 2028.0 800.0 73.0 Monsieur le Président N.Murray BUTLER.

450.0 2085.0 201.0 57.0 NEW-YORK.

957.0 2017.0 452.0 92.0 ££
