1745 2197
838.0 155.0 103.0 86.0 - 5 -

355.0 298.0 1263.0 66.0 proposé de 9.000 francs. Si un supplément de 600 francs pouvait

357.0 377.0 1256.0 60.0 encore être employé, il serait de toute équité de l’attribuer à

355.0 433.0 1322.0 68.0 Melle PEYLADE en raison de son XXXX ancienneté, de ses services et

353.0 508.0 1241.0 54.0 du supplément d’occupation que représente la comptabilité dont

353.0 576.0 1338.0 55.0 elle est chargée. Ses appointements seraient ainsi portés à 500 frs

353.0 649.0 196.0 54.0 par mois.

529.0 701.0 1159.0 66.0 Si vous jugiez que la somme de 9.000 francs prévue au pro-

349.0 765.0 1320.0 64.0 jet de budget prochain ne doit pas être employée tout entière, les

351.0 840.0 1300.0 62.0 chiffres portés au tableau ci-dessus subiraient naturellement une

346.0 909.0 553.0 57.0 diminution proportionnelle.

521.0 963.0 1125.0 64.0 Le point de départ des modifications aux traitements de-

346.0 1032.0 1301.0 70.0 vrait être fixé normalement au 1er juillet prochain, premier jour

346.0 1107.0 1263.0 51.0 du nouvel exercice financier. Cependant, nos collaboratrices ne

344.0 1171.0 1261.0 53.0 m'ont pas caché que cette échéance leur paraissait lointaine et

346.0 1233.0 1296.0 61.0 que, s’il était possible de hâter l’application des mesures envi-

344.0 1301.0 1289.0 61.0 sagées, elles apprécieraient beaucoup cette mesure bienveillante.

520.0 1374.0 1122.0 59.0 J’ajoute enfin que je n’ai communiqué à aucun des inté-

338.0 1431.0 1304.0 72.0 ressés les propositions qui précèdent, de facon à réserver vis-à-

342.0 1499.0 941.0 60.0 vis d’eux votre entière liberté d'appréciation.

520.0 1572.0 1102.0 59.0 Veuillez me croire, mon cher Président, votre très res-

342.0 1636.0 763.0 61.0 pectueusement reconnaissant et dévoué,

102.0 1819.0 1005.0 75.0 à Monsieur le Président d'ESTOURNELLES de CONSTANT

441.0 1874.0 172.0 44.0 Sénateur

384.0 1905.0 588.0 57.0 34 ter rue Molitor - PARIS -
