1729 2197
749.0 155.0 119.0 46.0 - 6 -

216.0 272.0 1421.0 74.0 L'Europe n'était pas un champ de carnage assez vaste ; il faut y ajouter

216.0 346.0 417.0 60.0 l'Afrique et l'Asie;!

318.0 404.0 1275.0 68.0 Et qui donc osera dire que nous n'avons pas eu mille fois raison

217.0 472.0 1370.0 69.0 d'essayer de mettre le monde en garde contre ces crimes que nous pré-

216.0 534.0 1263.0 75.0 parait depuis quarante ans la tragi-comédie de la paix armée ?

318.0 611.0 1310.0 64.0 Et on nous demande de plaindre l'Empereur Guillaume et de la lais-

221.0 673.0 1357.0 59.0 ser continuer à appeler sur ses armées, par un blasph ème intolérable

216.0 734.0 1340.0 75.0 au XXe siècle! : la bénédiction de Dieu et l’admiration des intellec-

221.0 814.0 354.0 59.0 tuels allemands !

318.0 865.0 1200.0 70.0 Et si, dans ma douleur de voir tous les peuples et le peuple

221.0 933.0 1268.0 68.0 allemand, lui aussi, victimes de ces mensonges et de ces crimes

221.0 995.0 1392.0 66.0 je proteste de toute mon âme, en réclamant la guerre à outrance contre

223.0 1069.0 1394.0 58.0 la guerre faite à la Belgique, à la France, au Droit, il se trouve des

223.0 1136.0 1352.0 65.0 amis neutres et même des Anglais pour s’étonner de mon indignation !

221.0 1202.0 1370.0 55.0 Des correspondants très dévoués me demandent de ménager les suscepti-

223.0 1266.0 1410.0 63.0 bilités des intellectuels allemands, dont nous aurons besoin, le moment

223.0 1334.0 727.0 59.0 venu, pour établir une paix durable!

324.0 1396.0 1216.0 59.0 Il est vrai que la presse officieuse allemande n’a pas manqué

223.0 1464.0 1375.0 62.0 de falsifier le texte de ma protestation. (celle que j’avais adressée

225.0 1526.0 1276.0 64.0 au New York Times). Je m'étais gardé, comme toujours et plus que

225.0 1596.0 1370.0 59.0 jamais, de confondre la cause du peuple allemand et le crime du mili-

227.0 1653.0 1333.0 69.0 tarisme allemand. La presse allemande me fait dire, parait-il, tout

227.0 1722.0 1408.0 63.0 le contraire et déclarer cette monstruosité ; "On ne pourra plus traiter

225.0 1788.0 1298.0 66.0 avec l'Allemagne.!!... Dans sa rage d’aggraver et de perpétuer la

225.0 1847.0 1375.0 71.0 guerre en séparant à jamais, non pas deux régimes passagers mais deux

225.0 1916.0 1355.0 68.0 peuples, elle me présente come l’adversaire non pas du Gouvernement

228.0 1993.0 293.0 63.0 mais du pays !
