1747 2197
761.0 120.0 141.0 48.0 - 14 -

379.0 168.0 1221.0 84.0 fait , je mesure aussi l’exécration dont il se charge et qui

377.0 241.0 498.0 70.0 finira par le terrasser.

575.0 305.0 1047.0 81.0 La crise aura été terrible, mais quand je vois avec

375.0 384.0 1262.0 64.0 quelle héroïque fermeté les plus malheureux, la Belgique et la

375.0 437.0 1284.0 71.0 France, la supportent, quand je vois l’union de tous s’affirmer

377.0 516.0 1236.0 73.0 se fortifier malgré tout, je me répète le vieux proverbe ; " à

373.0 576.0 1297.0 73.0 quelque chose malheur est bon" ; la cause de la démocratie grandi

371.0 644.0 1205.0 75.0 ra dans la confiance populaire de tout ce que va perdre non

373.0 714.0 1291.0 78.0 seulement le militarisme, mais le système autocratique prussien,

369.0 787.0 1222.0 67.0 La Russie elle-même qui n'a pas encore payé sa part de souf-

371.0 847.0 1260.0 77.0 frances et qui la paiera toujours moins que les autres, pourra

366.0 922.0 1197.0 70.0 profiter des enseignements d’une telle guerre ; elle mettra,

371.0 990.0 1277.0 68.0 comme tout le monde, en balance les avantages recueillis et les

366.0 1052.0 1282.0 72.0 pertes irréparables ; pour tout dire, la leçon de la guerre sera

366.0 1122.0 1223.0 64.0 la confirmation sanglante de notre enseignement ; on trouvera

362.0 1175.0 1264.0 84.0 parmi les belligérants et les neutres bien peu d’hommes qui ne

364.0 1246.0 1258.0 75.0 s'écrient ; si on avait pu l’éviter! en nous approuvant d’avoir

362.0 1321.0 1280.0 68.0 essayé. Nous aurons ouvert la voie, montré le chemin ; la guerre

362.0 1378.0 1278.0 75.0 actuelle se livre entre nos idées de conciliation et celles que

360.0 1446.0 1202.0 71.0 nous avons combattues. Loin d’amollir les peuples, comme on

358.0 1514.0 1220.0 76.0 l’a prétendu, ces idées sont la vraie source des plus nobles

360.0 1585.0 1278.0 66.0 efforts humains ; elles ont été la source de la Révolution Fran-

357.0 1645.0 1298.0 77.0 çaise, comme de la Révolution Américaine ; elles seront la source

357.0 1717.0 1261.0 68.0 €des plus nobles experts humains€ des résistances qui briseront

355.0 1777.0 1278.0 79.0 le militarisme. Elles ne se tariront pas, et c’est elles seules

355.0 1841.0 1238.0 83.0 qui, apr ès la guerre, seront le salut, car nous n’aurons même

353.0 1909.0 1274.0 86.0 plus besoin de parler ni d’écrire pour que chacun sache de quel

353.0 1980.0 1274.0 87.0 côté est le mensonge, de quel côté la vérité, de quel côté le f
