1753 2197
763.0 97.0 127.0 54.0 - 6 -

382.0 197.0 1316.0 68.0 prendre à chacun ses dépouilles ; où le conduira ce machiavélisme?

382.0 269.0 1244.0 58.0 à perdre l’autorité nécessaire, le jour où se discuteront les

384.0 333.0 1279.0 69.0 bases de la paix. La Hollande, généreusement ouverte, à plus de

384.0 400.0 1281.0 68.0 600.00 réfugiés belges, ne se sent-elle pas menacée? Elle doit

384.0 470.0 1178.0 64.0 comprendre qu’elle ne peut sans danger laisser triompher à

384.0 536.0 1281.0 64.0 ses côtés l’agression allemande et que le port de Rotterdam est

381.0 611.0 1223.0 62.0 une proie aussi tentante que celui d’Anvers. Et le Danemark?

382.0 670.0 1279.0 76.0 et le reste? Si le Gouvernement Suédois croit se mettre à l'a-

381.0 746.0 1183.0 57.0 bri des Russes en favorisant l’Allemagne, il se trompe ; il

381.0 812.0 1221.0 61.0 s’exposera, s’ils sont vainqueurs, à leur rancune, et, s’ils

381.0 871.0 813.0 64.0 sont vaincus, à la domination de Berlin.

479.0 941.0 1165.0 65.0 Des Etats-Unis nul n’attend une intervention armée. Votre

379.0 1012.0 1287.0 64.0 Président, M.Wilson, n’a surpris personne en déclarant sa neutra-

381.0 1080.0 1278.0 55.0 lité, mais lui qui a si noblement refusé, dans l’affaire du Me-

377.0 1146.0 1240.0 56.0 xique, de transiger sur un cas de conscience, comment peut-il

379.0 1212.0 1256.0 54.0 aujourd'hui se contenter de la plus diplomatique réserve? N'a-

381.0 1279.0 1296.0 61.0 t-il pas eu connaissance de votre viril discours du 23 septembre

379.0 1349.0 1242.0 58.0 où vous démontrez que la neutralité ne peut pas être, pour un

377.0 1417.0 1240.0 53.0 grand peuple qui ne risque rien d’ailleurs à se prononcer, le

375.0 1482.0 1224.0 54.0 détachement de Ponce Pilate. Il aurait soulagé la conscience

375.0 1548.0 1244.0 61.0 publique et accompli son devoir de grand éducateur s’il avait

375.0 1614.0 1277.0 59.0 dit, lui, aussi qu’une guerre déclarée, sous l'action des four-

375.0 1684.0 1238.0 51.0 nisseurs militaires et de leurs journaux, par les Rois et non

377.0 1750.0 1220.0 53.0 par les peuples, doit recevoir son châtiment. Il y avait une

375.0 1805.0 1258.0 69.0 haute leçon à tirer pour votre généreux et jeune pays de l’ex-

375.0 1880.0 1257.0 62.0 plosion inexcusable de la guerre actuelle ; et cette leçon pou-

373.0 1946.0 1259.0 62.0 vait il me semble ; se donner sans compromettre le Gouvernement

373.0 2010.0 1257.0 66.0 des Etats-Unis. Le Président Wilson ne peut assumer sans doute

371.0 2059.0 1176.0 77.0 à travers l’océan un rôle officiel de Christ ou de Messie :
