<?xml version="1.0" encoding="UTF-8"?>
<alto xmlns:xsi="http://www.w3.org/2001/XMLSchema-instance"
      xmlns="http://www.loc.gov/standards/alto/ns-v4#"
      xsi:schemaLocation="http://www.loc.gov/standards/alto/ns-v4# http://www.loc.gov/standards/alto/v4/alto-4-2.xsd">
  <Description>
    <MeasurementUnit>pixel</MeasurementUnit>
    <sourceImageInformation>
      <fileName>FRAD072_12J381_lettre0004_007.jpg</fileName>
      
    </sourceImageInformation>
  </Description>
  
  <Layout>
    <Page WIDTH="1740"
          HEIGHT="2197"
          PHYSICAL_IMG_NR="31"
          ID="eSc_dummypage_">
      <PrintSpace HPOS="0"
                  VPOS="0"
                  WIDTH="1740"
                  HEIGHT="2197">
        

        
        <TextBlock ID="eSc_dummyblock_">
          
          
          <TextLine ID="eSc_line_cf88aec4"
                    
                    BASELINE="787 131 910 131" 
                    HPOS="787.0"
                    VPOS="104.0"
                    WIDTH="123.0"
                    HEIGHT="47.0">
            <Shape><Polygon POINTS="787 131 787 151 910 150 910 131 908 104 787 104 787 131"/></Shape>
	    <String CONTENT="- 6 -"
                    HPOS="787.0"
                    VPOS="104.0"
                    WIDTH="123.0"
                    HEIGHT="47.0"></String>
          </TextLine>

          
          
          <TextLine ID="eSc_line_aeca9547"
                    
                    BASELINE="564 227 1243 227" 
                    HPOS="564.0"
                    VPOS="197.0"
                    WIDTH="679.0"
                    HEIGHT="64.0">
            <Shape><Polygon POINTS="564 227 564 248 710 261 712 261 763 250 765 250 888 250 890 250 904 261 906 261 908 261 910 261 912 261 950 250 952 250 956 250 1042 261 1044 261 1113 250 1119 250 1124 250 1219 261 1221 261 1223 261 1243 250 1243 227 1243 201 564 197 564 227"/></Shape>
	    <String CONTENT="Mais il ne faut pas nous presser."
                    HPOS="564.0"
                    VPOS="197.0"
                    WIDTH="679.0"
                    HEIGHT="64.0"></String>
          </TextLine>

          
          
          <TextLine ID="eSc_line_99bafff5"
                    
                    BASELINE="569 291 1567 294" 
                    HPOS="567.0"
                    VPOS="252.0"
                    WIDTH="1000.0"
                    HEIGHT="73.0">
            <Shape><Polygon POINTS="569 291 567 314 1075 325 1076 325 1566 316 1567 294 1567 265 1533 254 1531 254 1529 254 1390 265 1388 265 1386 265 1326 254 1324 254 1322 254 1287 265 1285 265 1243 254 1241 254 1239 254 1238 254 1236 254 1221 265 1219 267 1089 267 1087 265 1071 252 1069 252 1067 252 1065 252 1064 252 1031 263 967 254 965 254 963 254 961 254 950 263 935 252 934 252 932 252 930 252 569 261 569 291"/></Shape>
	    <String CONTENT="Gardons-nous de sortir de notre rôle d’éducateurs,"
                    HPOS="567.0"
                    VPOS="252.0"
                    WIDTH="1000.0"
                    HEIGHT="73.0"></String>
          </TextLine>

          
          
          <TextLine ID="eSc_line_0c5bb062"
                    
                    BASELINE="366 358 1626 362" 
                    HPOS="364.0"
                    VPOS="322.0"
                    WIDTH="1262.0"
                    HEIGHT="71.0">
            <Shape><Polygon POINTS="366 358 364 380 386 391 388 391 390 391 990 384 1001 393 1003 393 1005 393 1007 393 1624 384 1626 362 1622 333 1135 335 1060 327 1038 325 1036 325 1034 325 1029 327 998 335 974 325 967 324 965 324 963 324 943 325 895 333 857 325 846 324 844 324 829 325 778 333 719 324 710 324 708 324 694 324 567 333 523 324 522 324 520 324 518 324 503 335 417 335 366 322 366 358"/></Shape>
	    <String CONTENT="et de nous laisser entrainer à substituer notre effort de per-"
                    HPOS="364.0"
                    VPOS="322.0"
                    WIDTH="1262.0"
                    HEIGHT="71.0"></String>
          </TextLine>

          
          
          <TextLine ID="eSc_line_fb6b514c"
                    
                    BASELINE="366 424 1604 433" 
                    HPOS="364.0"
                    VPOS="395.0"
                    WIDTH="1240.0"
                    HEIGHT="68.0">
            <Shape><Polygon POINTS="366 424 364 444 386 457 388 457 390 457 450 448 498 457 500 457 657 450 670 459 672 459 674 459 675 459 859 450 899 461 901 461 902 461 1078 452 1142 463 1144 463 1197 454 1298 463 1300 463 1602 454 1604 433 1602 404 366 395 366 424"/></Shape>
	    <String CONTENT="suasion à l&#39;action gouvernementale. Ne nous pressons pas. Les"
                    HPOS="364.0"
                    VPOS="395.0"
                    WIDTH="1240.0"
                    HEIGHT="68.0"></String>
          </TextLine>

          
          
          <TextLine ID="eSc_line_3e15f084"
                    
                    BASELINE="366 492 1657 497" 
                    HPOS="364.0"
                    VPOS="466.0"
                    WIDTH="1293.0"
                    HEIGHT="63.0">
            <Shape><Polygon POINTS="366 492 364 519 1653 529 1657 497 1657 472 366 466 366 492"/></Shape>
	    <String CONTENT="Etats-Unis, si éprouvés qu’ils soient indirectement par la guer-"
                    HPOS="364.0"
                    VPOS="466.0"
                    WIDTH="1293.0"
                    HEIGHT="63.0"></String>
          </TextLine>

          
          
          <TextLine ID="eSc_line_080ecdc0"
                    
                    BASELINE="364 562 1606 567" 
                    HPOS="364.0"
                    VPOS="521.0"
                    WIDTH="1242.0"
                    HEIGHT="70.0">
            <Shape><Polygon POINTS="1604 538 1188 525 1186 525 1117 532 1076 536 1044 532 987 523 985 523 983 523 965 530 956 536 837 536 822 529 816 527 815 527 813 527 811 527 805 529 791 536 708 536 694 529 679 521 677 521 675 521 631 527 582 536 386 536 366 525 364 562 364 591 1604 589 1606 567 1604 538"/></Shape>
	    <String CONTENT="re, n’en vont pas moins profiter de cette terrible expérience"
                    HPOS="364.0"
                    VPOS="521.0"
                    WIDTH="1242.0"
                    HEIGHT="70.0"></String>
          </TextLine>

          
          
          <TextLine ID="eSc_line_29bd43f8"
                    
                    BASELINE="364 629 1604 633" 
                    HPOS="364.0"
                    VPOS="602.0"
                    WIDTH="1240.0"
                    HEIGHT="66.0">
            <Shape><Polygon POINTS="364 629 364 662 976 655 981 660 987 664 987 666 989 666 990 666 992 668 1086 668 1086 666 1087 666 1089 666 1098 659 1102 657 1185 659 1478 666 1479 666 1481 666 1483 666 1496 657 1498 657 1602 657 1604 633 1602 606 364 602 364 629"/></Shape>
	    <String CONTENT="pour banir toute velléité de retour aux caricatures roosevel-"
                    HPOS="364.0"
                    VPOS="602.0"
                    WIDTH="1240.0"
                    HEIGHT="66.0"></String>
          </TextLine>

          
          
          <TextLine ID="eSc_line_87334411"
                    
                    BASELINE="366 697 1657 703" 
                    HPOS="366.0"
                    VPOS="660.0"
                    WIDTH="1291.0"
                    HEIGHT="65.0">
            <Shape><Polygon POINTS="366 697 366 725 1655 723 1657 703 1655 675 1479 664 1478 664 1395 671 1370 673 1335 671 1227 662 1225 662 1177 670 1159 671 1128 670 1056 662 1054 662 1053 662 1042 668 1033 673 802 673 719 664 661 660 659 660 657 660 655 660 650 664 639 670 366 662 366 697"/></Shape>
	    <String CONTENT="tistes de l’impérialisme napoléonien, britannique ou germanique."
                    HPOS="366.0"
                    VPOS="660.0"
                    WIDTH="1291.0"
                    HEIGHT="65.0"></String>
          </TextLine>

          
          
          <TextLine ID="eSc_line_a4466c9c"
                    
                    BASELINE="565 761 1600 765" 
                    HPOS="564.0"
                    VPOS="728.0"
                    WIDTH="1036.0"
                    HEIGHT="70.0">
            <Shape><Polygon POINTS="565 761 564 783 631 796 633 796 635 796 674 787 712 796 714 796 716 796 717 796 750 787 827 796 829 798 1044 798 1044 796 1045 796 1067 789 1078 787 1091 790 1124 798 1126 798 1128 798 1274 792 1353 789 1364 792 1379 798 1381 798 1382 798 1408 792 1434 789 1597 794 1600 765 1597 730 1181 737 565 728 565 761"/></Shape>
	    <String CONTENT="Vous, Americains, vous avez condamné et exécuté, i-"
                    HPOS="564.0"
                    VPOS="728.0"
                    WIDTH="1036.0"
                    HEIGHT="70.0"></String>
          </TextLine>

          
          
          <TextLine ID="eSc_line_3584439f"
                    
                    BASELINE="362 829 1620 836" 
                    HPOS="362.0"
                    VPOS="801.0"
                    WIDTH="1258.0"
                    HEIGHT="66.0">
            <Shape><Polygon POINTS="362 829 362 860 663 851 679 862 679 864 681 864 683 864 685 864 728 862 952 853 1023 864 1040 865 1042 865 1044 865 1051 864 1089 854 1196 864 1214 865 1216 865 1261 865 1467 858 1489 865 1494 867 1496 867 1498 867 1512 865 1571 856 1617 865 1620 836 1620 801 362 801 362 829"/></Shape>
	    <String CONTENT="y a plus d’un siècle, l’impérialisme britannique ; l’Europe en-"
                    HPOS="362.0"
                    VPOS="801.0"
                    WIDTH="1258.0"
                    HEIGHT="66.0"></String>
          </TextLine>

          
          
          <TextLine ID="eSc_line_4d6fe3fa"
                    
                    BASELINE="364 891 1642 904" 
                    HPOS="362.0"
                    VPOS="858.0"
                    WIDTH="1280.0"
                    HEIGHT="77.0">
            <Shape><Polygon POINTS="364 891 362 919 703 928 705 928 760 920 785 919 789 922 802 930 804 930 805 930 807 930 809 930 826 922 833 919 864 922 934 930 935 930 985 922 1001 920 1054 922 1302 935 1304 935 1641 924 1642 904 1641 873 1164 873 1150 869 1130 864 1128 864 1126 864 1124 864 1108 869 1097 873 1087 869 1075 862 1073 862 981 862 979 862 945 867 928 871 923 867 915 860 913 860 912 860 910 860 802 867 761 869 752 867 725 858 723 858 721 858 674 865 664 867 364 865 364 891"/></Shape>
	    <String CONTENT="suite a condamné et exécuté l’impérialisme napoléonien ; elle va"
                    HPOS="362.0"
                    VPOS="858.0"
                    WIDTH="1280.0"
                    HEIGHT="77.0"></String>
          </TextLine>

          
          
          <TextLine ID="eSc_line_6dc1e73a"
                    
                    BASELINE="362 961 1655 972" 
                    HPOS="362.0"
                    VPOS="930.0"
                    WIDTH="1293.0"
                    HEIGHT="71.0">
            <Shape><Polygon POINTS="362 961 362 992 1401 992 1412 992 1474 1001 1476 1001 1653 992 1655 972 1652 935 1443 942 1223 933 1155 931 1153 931 1108 933 1011 939 996 933 985 930 983 930 981 930 362 931 362 961"/></Shape>
	    <String CONTENT="maintenant condamner et exécuter l’impérialisme germanique ; pro"
                    HPOS="362.0"
                    VPOS="930.0"
                    WIDTH="1293.0"
                    HEIGHT="71.0"></String>
          </TextLine>

          
          
          <TextLine ID="eSc_line_fa1458c1"
                    
                    BASELINE="364 1027 1544 1036" 
                    HPOS="362.0"
                    VPOS="999.0"
                    WIDTH="1182.0"
                    HEIGHT="57.0">
            <Shape><Polygon POINTS="364 1027 362 1049 1540 1056 1544 1036 1542 1008 364 999 364 1027"/></Shape>
	    <String CONTENT="fitez de cette triple expérience pour en finir, dans votre"
                    HPOS="362.0"
                    VPOS="999.0"
                    WIDTH="1182.0"
                    HEIGHT="57.0"></String>
          </TextLine>

          
          
          <TextLine ID="eSc_line_1bf599a8"
                    
                    BASELINE="358 1096 1578 1100" 
                    HPOS="357.0"
                    VPOS="1063.0"
                    WIDTH="1221.0"
                    HEIGHT="62.0">
            <Shape><Polygon POINTS="358 1096 357 1120 1575 1125 1578 1100 1578 1074 1446 1063 1445 1063 358 1063 358 1096"/></Shape>
	    <String CONTENT="pays, avec l’impérialisme, et pour rendre à l&#39;Europe cet in-"
                    HPOS="357.0"
                    VPOS="1063.0"
                    WIDTH="1221.0"
                    HEIGHT="62.0"></String>
          </TextLine>

          
          
          <TextLine ID="eSc_line_74bbafb7"
                    
                    BASELINE="362 1160 1617 1168" 
                    HPOS="362.0"
                    VPOS="1125.0"
                    WIDTH="1255.0"
                    HEIGHT="72.0">
            <Shape><Polygon POINTS="362 1160 362 1184 778 1184 780 1184 805 1193 807 1193 809 1193 848 1184 853 1184 866 1184 959 1193 961 1193 963 1193 979 1184 981 1184 994 1184 1086 1195 1087 1195 1243 1186 1250 1186 1252 1186 1304 1197 1305 1197 1362 1190 1573 1197 1575 1197 1576 1197 1615 1186 1617 1168 1615 1142 1086 1131 1084 1131 1082 1131 1069 1135 1049 1138 1018 1133 990 1129 989 1129 813 1131 434 1135 362 1125 362 1160"/></Shape>
	    <String CONTENT="calculable service de lui donner votre bon exemple. Cet exem-"
                    HPOS="362.0"
                    VPOS="1125.0"
                    WIDTH="1255.0"
                    HEIGHT="72.0"></String>
          </TextLine>

          
          
          <TextLine ID="eSc_line_798bb2a6"
                    
                    BASELINE="357 1230 1578 1235" 
                    HPOS="357.0"
                    VPOS="1197.0"
                    WIDTH="1221.0"
                    HEIGHT="64.0">
            <Shape><Polygon POINTS="357 1230 357 1252 1087 1252 1097 1252 1172 1261 1174 1261 1576 1252 1578 1235 1576 1210 1065 1199 1064 1199 880 1206 851 1206 838 1206 765 1197 763 1197 357 1202 357 1230"/></Shape>
	    <String CONTENT="ple sera plus efficace qu’une intervention précipitée ou su-"
                    HPOS="357.0"
                    VPOS="1197.0"
                    WIDTH="1221.0"
                    HEIGHT="64.0"></String>
          </TextLine>

          
          
          <TextLine ID="eSc_line_243964d3"
                    
                    BASELINE="358 1298 1657 1305" 
                    HPOS="357.0"
                    VPOS="1265.0"
                    WIDTH="1300.0"
                    HEIGHT="66.0">
            <Shape><Polygon POINTS="358 1298 357 1321 1653 1331 1657 1305 1657 1277 1355 1277 1349 1276 1316 1266 1315 1266 1313 1266 1100 1274 1065 1274 1058 1274 1009 1265 1007 1265 358 1268 358 1298"/></Shape>
	    <String CONTENT="perficielle,si bien intentionnée soit-elle. Gardez-vous, en tous"
                    HPOS="357.0"
                    VPOS="1265.0"
                    WIDTH="1300.0"
                    HEIGHT="66.0"></String>
          </TextLine>

          
          
          <TextLine ID="eSc_line_41a5244e"
                    
                    BASELINE="358 1362 1576 1369" 
                    HPOS="357.0"
                    VPOS="1334.0"
                    WIDTH="1219.0"
                    HEIGHT="64.0">
            <Shape><Polygon POINTS="358 1362 357 1384 1573 1398 1576 1369 1575 1340 358 1334 358 1362"/></Shape>
	    <String CONTENT="cas, d’apporter à l’Europe un secours d’opportunisme au lien"
                    HPOS="357.0"
                    VPOS="1334.0"
                    WIDTH="1219.0"
                    HEIGHT="64.0"></String>
          </TextLine>

          
          
          <TextLine ID="eSc_line_3d722489"
                    
                    BASELINE="358 1428 1595 1439" 
                    HPOS="358.0"
                    VPOS="1398.0"
                    WIDTH="1237.0"
                    HEIGHT="70.0">
            <Shape><Polygon POINTS="358 1428 358 1459 1377 1459 1379 1459 1386 1466 1386 1468 1388 1468 1390 1468 1392 1468 1593 1459 1595 1439 1593 1413 358 1398 358 1428"/></Shape>
	    <String CONTENT="d’une intervention de principe ; n’essayez pas surtout de pro-"
                    HPOS="358.0"
                    VPOS="1398.0"
                    WIDTH="1237.0"
                    HEIGHT="70.0"></String>
          </TextLine>

          
          
          <TextLine ID="eSc_line_5dadec42"
                    
                    BASELINE="358 1495 1575 1503" 
                    HPOS="358.0"
                    VPOS="1470.0"
                    WIDTH="1217.0"
                    HEIGHT="56.0">
            <Shape><Polygon POINTS="358 1495 358 1526 1573 1526 1575 1503 1573 1475 358 1470 358 1495"/></Shape>
	    <String CONTENT="fiter de je ne sais quelle circonstances pour préconiser une"
                    HPOS="358.0"
                    VPOS="1470.0"
                    WIDTH="1217.0"
                    HEIGHT="56.0"></String>
          </TextLine>

          
          
          <TextLine ID="eSc_line_2247595f"
                    
                    BASELINE="357 1563 1555 1572" 
                    HPOS="357.0"
                    VPOS="1523.0"
                    WIDTH="1198.0"
                    HEIGHT="77.0">
            <Shape><Polygon POINTS="1551 1532 1490 1543 1476 1534 1474 1534 1472 1534 1470 1534 1468 1534 1435 1543 1360 1534 1359 1534 1221 1541 1190 1530 1188 1530 1115 1530 1113 1530 1111 1530 1109 1530 1098 1539 994 1528 992 1528 597 1537 547 1525 545 1525 543 1525 538 1525 380 1536 360 1523 357 1563 357 1590 1300 1590 1304 1590 1320 1600 1322 1600 1324 1600 1553 1590 1555 1572 1551 1532"/></Shape>
	    <String CONTENT="paix boiteuse et sans lendemain. L&#39;opinion, jusqu’à présent"
                    HPOS="357.0"
                    VPOS="1523.0"
                    WIDTH="1198.0"
                    HEIGHT="77.0"></String>
          </TextLine>

          
          
          <TextLine ID="eSc_line_64f0e961"
                    
                    BASELINE="357 1631 1655 1640" 
                    HPOS="355.0"
                    VPOS="1596.0"
                    WIDTH="1300.0"
                    HEIGHT="68.0">
            <Shape><Polygon POINTS="357 1631 355 1653 368 1662 369 1662 371 1662 373 1662 575 1655 628 1664 630 1664 1653 1660 1655 1640 1653 1614 1586 1614 1584 1612 1569 1601 1567 1601 1566 1601 1564 1601 1505 1612 1500 1612 1489 1612 1381 1603 1379 1603 1291 1611 1283 1611 1265 1600 1263 1600 1261 1600 1260 1600 1258 1600 1232 1611 1230 1612 1139 1612 1128 1609 1058 1598 1056 1598 1054 1598 1053 1598 1040 1609 1040 1611 979 1611 978 1609 956 1598 954 1598 866 1596 864 1596 357 1603 357 1631"/></Shape>
	    <String CONTENT="unie, se divisera et se déchirera si la guerre ne cesse que pour"
                    HPOS="355.0"
                    VPOS="1596.0"
                    WIDTH="1300.0"
                    HEIGHT="68.0"></String>
          </TextLine>

          
          
          <TextLine ID="eSc_line_170dee3f"
                    
                    BASELINE="357 1697 1593 1706" 
                    HPOS="355.0"
                    VPOS="1660.0"
                    WIDTH="1238.0"
                    HEIGHT="64.0">
            <Shape><Polygon POINTS="357 1697 355 1719 1589 1724 1593 1706 1589 1671 1395 1677 1285 1669 1214 1666 1212 1666 1192 1669 1166 1675 1126 1669 1082 1664 1080 1664 1078 1664 1054 1669 1040 1673 1033 1669 1022 1664 1020 1664 1018 1664 921 1669 851 1673 838 1669 818 1662 816 1662 815 1662 664 1669 604 1671 580 1669 514 1660 512 1660 357 1667 357 1697"/></Shape>
	    <String CONTENT="cesser, par lassitude et par goût du bien-être ; elle n’accep-"
                    HPOS="355.0"
                    VPOS="1660.0"
                    WIDTH="1238.0"
                    HEIGHT="64.0"></String>
          </TextLine>

          
          
          <TextLine ID="eSc_line_79ebc48e"
                    
                    BASELINE="357 1763 1613 1774" 
                    HPOS="355.0"
                    VPOS="1728.0"
                    WIDTH="1258.0"
                    HEIGHT="69.0">
            <Shape><Polygon POINTS="355 1788 1609 1797 1613 1774 1611 1742 379 1739 358 1728 357 1763 355 1788"/></Shape>
	    <String CONTENT="tera qu’une paix supérieure, sans humiliation inutile pour les"
                    HPOS="355.0"
                    VPOS="1728.0"
                    WIDTH="1258.0"
                    HEIGHT="69.0"></String>
          </TextLine>

          
          
          <TextLine ID="eSc_line_31efa02c"
                    
                    BASELINE="357 1830 1571 1839" 
                    HPOS="355.0"
                    VPOS="1801.0"
                    WIDTH="1216.0"
                    HEIGHT="70.0">
            <Shape><Polygon POINTS="357 1830 355 1852 421 1863 423 1863 608 1856 619 1865 620 1865 622 1865 624 1865 822 1858 838 1867 840 1867 842 1867 844 1867 1069 1858 1078 1858 1080 1858 1097 1869 1098 1869 1100 1869 1102 1869 1223 1860 1364 1871 1366 1871 1569 1860 1571 1839 1569 1810 357 1801 357 1830"/></Shape>
	    <String CONTENT="vaincus, (nous n’allons pas recommencer la faute irréparable"
                    HPOS="355.0"
                    VPOS="1801.0"
                    WIDTH="1216.0"
                    HEIGHT="70.0"></String>
          </TextLine>

          
          
          <TextLine ID="eSc_line_feec2cdd"
                    
                    BASELINE="357 1896 1551 1907" 
                    HPOS="355.0"
                    VPOS="1867.0"
                    WIDTH="1196.0"
                    HEIGHT="62.0">
            <Shape><Polygon POINTS="357 1896 355 1915 754 1929 756 1929 1549 1926 1551 1907 1549 1880 357 1867 357 1896"/></Shape>
	    <String CONTENT="du Gouvernement Allemand en 1870-71 et réhabiliter, à notre"
                    HPOS="355.0"
                    VPOS="1867.0"
                    WIDTH="1196.0"
                    HEIGHT="62.0"></String>
          </TextLine>

          
          
          <TextLine ID="eSc_line_08dd0f21"
                    
                    BASELINE="357 1960 1529 1969" 
                    HPOS="355.0"
                    VPOS="1926.0"
                    WIDTH="1174.0"
                    HEIGHT="73.0">
            <Shape><Polygon POINTS="357 1960 355 1990 1207 1990 1225 1990 1357 1999 1359 1999 1527 1990 1529 1969 1527 1940 1102 1931 1100 1931 1098 1931 1097 1931 1087 1937 1082 1940 1073 1937 1047 1929 1045 1929 1044 1929 1042 1929 1022 1937 1016 1940 880 1940 877 1937 871 1931 871 1929 870 1929 868 1929 866 1929 727 1935 694 1937 690 1935 681 1927 679 1927 677 1927 675 1927 540 1935 527 1935 518 1927 518 1926 516 1926 514 1926 512 1926 357 1933 357 1960"/></Shape>
	    <String CONTENT="tour, l’esprit de conquête que nous combattons), mais sans"
                    HPOS="355.0"
                    VPOS="1926.0"
                    WIDTH="1174.0"
                    HEIGHT="73.0"></String>
          </TextLine>

          
          
          <TextLine ID="eSc_line_ae00c9d1"
                    
                    BASELINE="355 2028 1529 2037" 
                    HPOS="353.0"
                    VPOS="1997.0"
                    WIDTH="1176.0"
                    HEIGHT="70.0">
            <Shape><Polygon POINTS="355 2028 353 2056 1525 2067 1529 2037 1527 2012 355 1997 355 2028"/></Shape>
	    <String CONTENT="sacrifice non plus d’aucun des principes qui ont groupé la"
                    HPOS="353.0"
                    VPOS="1997.0"
                    WIDTH="1176.0"
                    HEIGHT="70.0"></String>
          </TextLine>

          
        </TextBlock>
        
      </PrintSpace>
    </Page>
  </Layout>
</alto>
