1733 2197
239.0 153.0 204.0 79.0 SENAT

736.0 84.0 295.0 62.0 LETTRE N° 586.

1053.0 248.0 544.0 74.0 Paris, le 13 novembre 1919

573.0 422.0 731.0 66.0 LE COMPTE RENDU des COMITÉS SECRETS

657.0 483.0 520.0 80.0 de la CHAMBRE des DÉPUTÉS

859.0 649.0 340.0 72.0 Mon cher Butler,

401.0 845.0 1178.0 68.0 ai annoncé qu’à la suite d'un discours très impressionnant

560.0 778.0 1059.0 76.0 Par ma lettre du 15 octobre dernier, N° 570, je vous

401.0 915.0 1236.0 68.0 de PAINLEVÉ, la Chambre des Dépu€e€tés av/ait décidé de publier

403.0 984.0 1179.0 61.0 les comptes-rendus des séances qu’elle a tenues en Comité

403.0 1052.0 1256.0 68.0 secret pendant la gue/rre. Cette publication ne s’est pas fait

401.0 1124.0 1275.0 58.0 attendre. En voici le commencement que vous tiendrez, j’en suis

403.0 1193.0 1188.0 70.0 sûr, à conserver dans vos archives et à votre bibliothèque

401.0 1254.0 635.0 60.0 à l'appui de ma correspondance.

566.0 1318.0 575.0 69.0 Votre affectueusement dévoué

906.0 1387.0 374.0 95.0 ££

207.0 1545.0 813.0 84.0 à Monsieur le Président N. Murray BUTLER

406.0 1629.0 182.0 77.0 NEW YORK
