1768 2197
939.0 140.0 140.0 65.0 - 22 -

600.0 276.0 1034.0 71.0 N'allez pas penser que je tourne mal et que la gas-

329.0 346.0 1283.0 67.0 tronomie va prendre une place prépondérante dans les passions de

327.0 415.0 1299.0 61.0 la fin de ma vie ; non, c’est là vraiment qu'est toute la France,

327.0 479.0 1266.0 61.0 nous apprécions, nous aimons mais nous savons nous priver aussi.

327.0 545.0 1228.0 68.0 Il n'était pas besoin des cinq années de cette guerre pour le

329.0 626.0 1246.0 55.0 découvrir. Il XXX toujours été ainsi. Et c'est par là que je

608.0 591.0 99.0 42.0 en a

331.0 675.0 1323.0 66.0 termine ma description. Le Français aime la flânerie, le rêve, la

331.0 757.0 1339.0 54.0 bonne chère, le vin, -sans parler de la femme,- tout ce qui nourrit

331.0 818.0 1325.0 60.0 ou exalte son corps et sa fantaisie, son inspiration - l'étranger

329.0 884.0 1268.0 60.0 qui le/voit à table et qui le juge sur ses propos, sur ses plai-

331.0 953.0 1319.0 52.0 santeries plus que grasses mais symboliques,- car elles consistent

329.0 1014.0 1285.0 62.0 généralement à mettre en contraste et ses instincts et son idéal

329.0 1076.0 1299.0 62.0 inséparables ; l'étranger le juge sévèrement, sans le comprendre.

329.0 1151.0 1283.0 51.0 L'étranger ne voit pas tout. Ce qu’il faut voir en outre, c'est

329.0 1217.0 118.0 57.0 ceci :

602.0 1274.0 988.0 66.0 Oui le Français aime jusqu’à l’ivresse, la folie,

331.0 1351.0 1261.0 55.0 la débauche, tout ce qui flatte sa sensibilité extrême, mais ce

329.0 1418.0 1226.0 55.0 même Français, - et la Française comme lui,- est en même temps

331.0 1477.0 1283.0 59.0 toujours prêt à sacrifier, le moment venu, ses jouissances à son

331.0 1541.0 1319.0 60.0 idéal. Et ce qui semble incompréhensible, c’est que ses instincts

327.0 1607.0 1204.0 57.0 se développent sans faire tort à son idéal, en le stimulant.

331.0 1680.0 1303.0 61.0 Au-dessus de tous les biens du monde il place le sacrifice désin-

333.0 1746.0 1264.0 53.0 téressé. C'est pourquoi il est en général si avare, pour qui ?

329.0 1810.0 1303.0 70.0 Pas pour lui, pour ses enfants, pour l’avenir ; c'est pourquoi il
