<?xml version="1.0" encoding="UTF-8"?>
<alto xmlns:xsi="http://www.w3.org/2001/XMLSchema-instance"
      xmlns="http://www.loc.gov/standards/alto/ns-v4#"
      xsi:schemaLocation="http://www.loc.gov/standards/alto/ns-v4# http://www.loc.gov/standards/alto/v4/alto-4-2.xsd">
  <Description>
    <MeasurementUnit>pixel</MeasurementUnit>
    <sourceImageInformation>
      <fileName>FRAD072_12J387_lettre0573_001.jpg</fileName>
      
    </sourceImageInformation>
  </Description>
  
  <Layout>
    <Page WIDTH="1762"
          HEIGHT="2197"
          PHYSICAL_IMG_NR="212"
          ID="eSc_dummypage_">
      <PrintSpace HPOS="0"
                  VPOS="0"
                  WIDTH="1762"
                  HEIGHT="2197">
        

        
        <TextBlock ID="eSc_dummyblock_">
          
          
          <TextLine ID="eSc_line_c5a69132"
                    
                    BASELINE="730 181 1027 177" 
                    HPOS="728.0"
                    VPOS="131.0"
                    WIDTH="299.0"
                    HEIGHT="90.0">
            <Shape><Polygon POINTS="730 181 730 216 866 221 868 221 923 210 928 210 930 210 948 219 950 219 952 219 1027 206 1027 177 1023 150 904 135 902 135 901 135 888 140 864 151 833 151 805 135 800 131 798 131 796 131 728 131 730 181"/></Shape>
	    <String CONTENT="LETTRE N° 573."
                    HPOS="728.0"
                    VPOS="131.0"
                    WIDTH="299.0"
                    HEIGHT="90.0"></String>
          </TextLine>

          
          
          <TextLine ID="eSc_line_187d883d"
                    
                    BASELINE="1089 241 1606 236" 
                    HPOS="1087.0"
                    VPOS="208.0"
                    WIDTH="519.0"
                    HEIGHT="66.0">
            <Shape><Polygon POINTS="1089 241 1089 267 1203 274 1205 274 1265 265 1282 263 1287 265 1305 272 1307 272 1309 272 1349 263 1357 263 1366 263 1430 272 1432 272 1604 259 1606 236 1600 208 1087 210 1089 241"/></Shape>
	    <String CONTENT="PARIS, le 18 octobre 1919"
                    HPOS="1087.0"
                    VPOS="208.0"
                    WIDTH="519.0"
                    HEIGHT="66.0"></String>
          </TextLine>

          
          
          <TextLine ID="eSc_line_f7123e8d"
                    
                    BASELINE="712 410 1271 406" 
                    HPOS="710.0"
                    VPOS="377.0"
                    WIDTH="561.0"
                    HEIGHT="64.0">
            <Shape><Polygon POINTS="712 410 712 441 1269 437 1271 406 1265 377 710 380 712 410"/></Shape>
	    <String CONTENT="SXNXXXXIXENXIXSXNXXYX"
                    HPOS="710.0"
                    VPOS="377.0"
                    WIDTH="561.0"
                    HEIGHT="64.0"></String>
          </TextLine>

          
          
          <TextLine ID="eSc_line_2efb002c"
                    
                    BASELINE="796 378 1190 373" 
                    HPOS="794.0"
                    VPOS="340.0"
                    WIDTH="396.0"
                    HEIGHT="53.0">
            <Shape><Polygon POINTS="796 378 796 393 1188 389 1190 373 1186 349 1060 340 1058 340 1014 346 979 349 972 344 967 340 965 340 963 340 961 340 934 344 888 351 879 342 877 342 877 340 875 340 873 340 871 340 794 340 796 378"/></Shape>
	    <String CONTENT="CONDITIONS"
                    HPOS="794.0"
                    VPOS="340.0"
                    WIDTH="396.0"
                    HEIGHT="53.0"></String>
          </TextLine>

          
          
          <TextLine ID="eSc_line_1ae94a24"
                    
                    BASELINE="423 483 1474 472" 
                    HPOS="421.0"
                    VPOS="444.0"
                    WIDTH="1053.0"
                    HEIGHT="79.0">
            <Shape><Polygon POINTS="423 483 424 523 465 514 569 521 595 523 597 523 639 521 796 510 1474 510 1474 472 1468 444 421 446 423 483"/></Shape>
	    <String CONTENT="de l&#39;INSTALLATION de l&#39;ASSOCIATION FRANCAISE pour la"
                    HPOS="421.0"
                    VPOS="444.0"
                    WIDTH="1053.0"
                    HEIGHT="79.0"></String>
          </TextLine>

          
          
          <TextLine ID="eSc_line_8edd4bde"
                    
                    BASELINE="758 545 1153 540" 
                    HPOS="756.0"
                    VPOS="510.0"
                    WIDTH="397.0"
                    HEIGHT="64.0">
            <Shape><Polygon POINTS="758 545 758 574 1153 573 1153 540 1148 510 756 519 758 545"/></Shape>
	    <String CONTENT="SOCIETE des NATIONS"
                    HPOS="756.0"
                    VPOS="510.0"
                    WIDTH="397.0"
                    HEIGHT="64.0"></String>
          </TextLine>

          
          
          <TextLine ID="eSc_line_47654912"
                    
                    BASELINE="787 615 1144 607" 
                    HPOS="785.0"
                    VPOS="584.0"
                    WIDTH="359.0"
                    HEIGHT="64.0">
            <Shape><Polygon POINTS="787 615 787 648 1142 638 1144 607 1139 584 785 584 787 615"/></Shape>
	    <String CONTENT="rue Pierre-Curie"
                    HPOS="785.0"
                    VPOS="584.0"
                    WIDTH="359.0"
                    HEIGHT="64.0"></String>
          </TextLine>

          
          
          <TextLine ID="eSc_line_101d954e"
                    
                    BASELINE="844 778 1177 774" 
                    HPOS="842.0"
                    VPOS="741.0"
                    WIDTH="335.0"
                    HEIGHT="64.0">
            <Shape><Polygon POINTS="844 778 844 794 891 805 893 805 968 798 1009 794 1025 800 1040 803 1042 803 1044 803 1177 801 1177 774 1172 741 842 743 844 778"/></Shape>
	    <String CONTENT="Mon cher Butler,"
                    HPOS="842.0"
                    VPOS="741.0"
                    WIDTH="335.0"
                    HEIGHT="64.0"></String>
          </TextLine>

          
          
          <TextLine ID="eSc_line_ca069b17"
                    
                    BASELINE="369 977 1707 972" 
                    HPOS="368.0"
                    VPOS="937.0"
                    WIDTH="1339.0"
                    HEIGHT="60.0">
            <Shape><Polygon POINTS="369 977 369 997 1705 992 1707 972 1703 946 1256 937 1254 937 1201 946 1188 950 893 950 891 948 871 939 870 939 868 939 822 948 807 950 752 948 593 941 591 941 368 948 369 977"/></Shape>
	    <String CONTENT="copie de la lettre que je reçois de M. Paul APPELL et de ma réponse"
                    HPOS="368.0"
                    VPOS="937.0"
                    WIDTH="1339.0"
                    HEIGHT="60.0"></String>
          </TextLine>

          
          
          <TextLine ID="eSc_line_ac9f11e7"
                    
                    BASELINE="543 911 1600 904" 
                    HPOS="542.0"
                    VPOS="869.0"
                    WIDTH="1058.0"
                    HEIGHT="70.0">
            <Shape><Polygon POINTS="543 911 543 930 681 939 683 939 780 930 807 928 919 928 923 930 934 937 935 937 937 937 939 937 983 930 994 928 1009 930 1067 935 1069 935 1071 935 1084 928 1089 926 1109 928 1157 935 1159 935 1598 926 1600 904 1597 880 1370 869 1368 869 1366 869 1326 880 1324 880 1293 871 1291 871 1289 871 1287 871 1267 880 1194 871 1192 871 1144 880 1106 871 1104 871 1102 871 1100 871 1067 882 1065 882 1049 882 820 873 818 873 816 873 815 873 798 884 796 884 780 884 635 875 633 875 542 884 543 911"/></Shape>
	    <String CONTENT="A l’appui de ce que je vous écrivais hier, voici une"
                    HPOS="542.0"
                    VPOS="869.0"
                    WIDTH="1058.0"
                    HEIGHT="70.0"></String>
          </TextLine>

          
          
          <TextLine ID="eSc_line_a91515fd"
                    
                    BASELINE="369 1045 1670 1034" 
                    HPOS="368.0"
                    VPOS="1005.0"
                    WIDTH="1302.0"
                    HEIGHT="69.0">
            <Shape><Polygon POINTS="369 1045 369 1074 1668 1056 1670 1034 1664 1005 368 1019 369 1045"/></Shape>
	    <String CONTENT="concernant l&#39;installation rue Pierre-Curie de l&#39;ASSOCIATION FRAN-"
                    HPOS="368.0"
                    VPOS="1005.0"
                    WIDTH="1302.0"
                    HEIGHT="69.0"></String>
          </TextLine>

          
          
          <TextLine ID="eSc_line_111fb33d"
                    
                    BASELINE="369 1111 1633 1102" 
                    HPOS="368.0"
                    VPOS="1072.0"
                    WIDTH="1265.0"
                    HEIGHT="70.0">
            <Shape><Polygon POINTS="369 1111 371 1142 393 1133 1631 1133 1633 1102 1628 1072 368 1080 369 1111"/></Shape>
	    <String CONTENT="CAISE POUR LA SOCIÉTÉ DES NATIONS. Les conditions de cette ins-"
                    HPOS="368.0"
                    VPOS="1072.0"
                    WIDTH="1265.0"
                    HEIGHT="70.0"></String>
          </TextLine>

          
          
          <TextLine ID="eSc_line_de9335ca"
                    
                    BASELINE="371 1177 1250 1171" 
                    HPOS="369.0"
                    VPOS="1147.0"
                    WIDTH="881.0"
                    HEIGHT="54.0">
            <Shape><Polygon POINTS="371 1177 371 1199 1247 1201 1250 1171 1245 1147 369 1147 371 1177"/></Shape>
	    <String CONTENT="tallation sont précisées comme il convenait."
                    HPOS="369.0"
                    VPOS="1147.0"
                    WIDTH="881.0"
                    HEIGHT="54.0"></String>
          </TextLine>

          
          
          <TextLine ID="eSc_line_b8fbd236"
                    
                    BASELINE="547 1243 1652 1237" 
                    HPOS="545.0"
                    VPOS="1208.0"
                    WIDTH="1107.0"
                    HEIGHT="53.0">
            <Shape><Polygon POINTS="547 1243 547 1261 1650 1255 1652 1237 1648 1213 571 1208 569 1208 567 1208 545 1215 547 1243"/></Shape>
	    <String CONTENT="Je veillerai à ce qu’elles soient observées. Il en sera"
                    HPOS="545.0"
                    VPOS="1208.0"
                    WIDTH="1107.0"
                    HEIGHT="53.0"></String>
          </TextLine>

          
          
          <TextLine ID="eSc_line_73b4b45c"
                    
                    BASELINE="369 1310 1591 1303" 
                    HPOS="368.0"
                    VPOS="1270.0"
                    WIDTH="1223.0"
                    HEIGHT="62.0">
            <Shape><Polygon POINTS="369 1310 369 1332 1589 1329 1591 1303 1586 1270 368 1276 369 1310"/></Shape>
	    <String CONTENT="de même pour l’installation prochaine de la Bibliothèque à la"
                    HPOS="368.0"
                    VPOS="1270.0"
                    WIDTH="1223.0"
                    HEIGHT="62.0"></String>
          </TextLine>

          
          
          <TextLine ID="eSc_line_577acbb7"
                    
                    BASELINE="369 1376 1690 1369" 
                    HPOS="368.0"
                    VPOS="1343.0"
                    WIDTH="1322.0"
                    HEIGHT="63.0">
            <Shape><Polygon POINTS="369 1376 369 1406 1688 1396 1690 1369 1685 1343 368 1345 369 1376"/></Shape>
	    <String CONTENT="place du bureau de M. PUECH qui remontera d’un étage. Tout cela va"
                    HPOS="368.0"
                    VPOS="1343.0"
                    WIDTH="1322.0"
                    HEIGHT="63.0"></String>
          </TextLine>

          
          
          <TextLine ID="eSc_line_744c53fe"
                    
                    BASELINE="371 1446 1653 1435" 
                    HPOS="369.0"
                    VPOS="1402.0"
                    WIDTH="1284.0"
                    HEIGHT="75.0">
            <Shape><Polygon POINTS="371 1446 373 1477 406 1466 565 1475 582 1475 584 1475 591 1475 648 1464 725 1471 727 1471 934 1462 987 1470 1003 1471 1005 1471 1033 1470 1115 1461 1652 1461 1653 1435 1650 1413 1443 1402 1441 1402 1439 1402 1417 1413 1375 1404 1373 1404 1371 1404 1348 1413 1168 1406 1166 1406 1164 1406 1139 1415 1042 1406 1040 1406 1038 1406 994 1417 990 1417 967 1417 602 1409 600 1409 369 1420 371 1446"/></Shape>
	    <String CONTENT="se faire en quelques semaines, pendant que je serai pris par nos"
                    HPOS="369.0"
                    VPOS="1402.0"
                    WIDTH="1284.0"
                    HEIGHT="75.0"></String>
          </TextLine>

          
          
          <TextLine ID="eSc_line_77fc7bc8"
                    
                    BASELINE="371 1510 1117 1503" 
                    HPOS="369.0"
                    VPOS="1468.0"
                    WIDTH="748.0"
                    HEIGHT="66.0">
            <Shape><Polygon POINTS="371 1510 371 1534 1117 1534 1117 1503 1113 1468 1055 1468 1053 1468 1051 1468 1049 1468 1034 1479 870 1471 868 1471 866 1471 864 1471 851 1482 710 1484 617 1484 604 1471 602 1471 600 1471 598 1471 597 1471 595 1471 580 1482 525 1473 523 1473 522 1473 520 1473 496 1484 369 1475 371 1510"/></Shape>
	    <String CONTENT="élections dans la Sarthe et ailleurs."
                    HPOS="369.0"
                    VPOS="1468.0"
                    WIDTH="748.0"
                    HEIGHT="66.0"></String>
          </TextLine>

          
          
          <TextLine ID="eSc_line_75852a25"
                    
                    BASELINE="549 1576 1674 1567" 
                    HPOS="547.0"
                    VPOS="1528.0"
                    WIDTH="1127.0"
                    HEIGHT="77.0">
            <Shape><Polygon POINTS="549 1576 549 1594 749 1605 750 1605 752 1605 800 1594 849 1603 851 1603 945 1594 996 1603 998 1603 1065 1592 1216 1601 1218 1601 1219 1601 1221 1601 1234 1592 1404 1600 1406 1600 1408 1600 1450 1589 1637 1596 1639 1596 1641 1596 1674 1585 1674 1567 1670 1543 1591 1543 1564 1530 1562 1530 1560 1530 1558 1530 1556 1530 1544 1543 1470 1543 1426 1530 1424 1530 1423 1530 1421 1530 1419 1530 1419 1532 1404 1543 1351 1532 1349 1532 1348 1532 1322 1541 1282 1528 1280 1528 1278 1528 1276 1528 1245 1545 1161 1545 1104 1530 1102 1530 1023 1530 1022 1530 1020 1530 992 1545 915 1547 891 1532 890 1532 888 1532 772 1532 771 1532 769 1532 730 1548 659 1541 657 1541 547 1550 549 1576"/></Shape>
	    <String CONTENT="J&#39;ai pensé que pour alléger la contribution du bureau de"
                    HPOS="547.0"
                    VPOS="1528.0"
                    WIDTH="1127.0"
                    HEIGHT="77.0"></String>
          </TextLine>

          
          
          <TextLine ID="eSc_line_6ef5a4da"
                    
                    BASELINE="371 1644 1635 1634" 
                    HPOS="369.0"
                    VPOS="1609.0"
                    WIDTH="1266.0"
                    HEIGHT="66.0">
            <Shape><Polygon POINTS="371 1644 371 1675 1635 1658 1635 1634 1631 1609 399 1609 397 1609 395 1609 369 1616 371 1644"/></Shape>
	    <String CONTENT="la DOTATION, la Conciliation en paierait la moitié, soit chacune"
                    HPOS="369.0"
                    VPOS="1609.0"
                    WIDTH="1266.0"
                    HEIGHT="66.0"></String>
          </TextLine>

          
          
          <TextLine ID="eSc_line_18aa9fcd"
                    
                    BASELINE="373 1708 650 1708" 
                    HPOS="373.0"
                    VPOS="1677.0"
                    WIDTH="277.0"
                    HEIGHT="54.0">
            <Shape><Polygon POINTS="373 1708 373 1731 650 1731 650 1708 650 1677 373 1677 373 1708"/></Shape>
	    <String CONTENT="1.000 francs."
                    HPOS="373.0"
                    VPOS="1677.0"
                    WIDTH="277.0"
                    HEIGHT="54.0"></String>
          </TextLine>

          
          
          <TextLine ID="eSc_line_6262cbe7"
                    
                    BASELINE="851 1772 1424 1766" 
                    HPOS="849.0"
                    VPOS="1731.0"
                    WIDTH="575.0"
                    HEIGHT="68.0">
            <Shape><Polygon POINTS="851 1772 851 1794 1421 1799 1424 1766 1419 1735 1152 1742 1148 1741 1137 1731 1135 1731 1133 1731 1087 1731 1086 1731 1084 1731 1082 1731 1067 1742 1018 1733 1016 1733 1014 1733 1012 1733 1000 1744 1000 1746 989 1746 943 1746 924 1733 923 1733 921 1733 866 1733 864 1733 862 1733 860 1733 860 1735 849 1742 851 1772"/></Shape>
	    <String CONTENT="Votre affectueusement dévoué"
                    HPOS="849.0"
                    VPOS="1731.0"
                    WIDTH="575.0"
                    HEIGHT="68.0"></String>
          </TextLine>

          
          
          <TextLine ID="eSc_line_8c24b6b2"
                    
                    BASELINE="157 1876 771 1876" 
                    HPOS="157.0"
                    VPOS="1839.0"
                    WIDTH="614.0"
                    HEIGHT="72.0">
            <Shape><Polygon POINTS="157 1876 157 1900 344 1911 346 1911 348 1911 349 1911 349 1909 362 1898 366 1896 522 1896 531 1898 587 1911 589 1911 591 1911 622 1896 624 1896 652 1911 653 1911 655 1911 657 1911 683 1896 771 1894 771 1876 771 1843 157 1839 157 1876"/></Shape>
	    <String CONTENT="à Monsieur le Président BUTLER"
                    HPOS="157.0"
                    VPOS="1839.0"
                    WIDTH="614.0"
                    HEIGHT="72.0"></String>
          </TextLine>

          
          
          <TextLine ID="eSc_line_43fcc9ac"
                    
                    BASELINE="360 1913 538 1913" 
                    HPOS="360.0"
                    VPOS="1885.0"
                    WIDTH="178.0"
                    HEIGHT="79.0">
            <Shape><Polygon POINTS="360 1913 360 1964 538 1953 538 1913 538 1885 360 1885 360 1913"/></Shape>
	    <String CONTENT="NEW YORK."
                    HPOS="360.0"
                    VPOS="1885.0"
                    WIDTH="178.0"
                    HEIGHT="79.0"></String>
          </TextLine>

          
          
          <TextLine ID="eSc_line_711b2c65"
                    
                    BASELINE="888 1879 1291 1885" 
                    HPOS="884.0"
                    VPOS="1821.0"
                    WIDTH="405.0"
                    HEIGHT="92.0">
            <Shape><Polygon POINTS="886 1878 884 1909 934 1911 935 1911 937 1911 946 1907 972 1893 990 1904 1000 1911 1001 1911 1003 1911 1084 1913 1086 1913 1087 1913 1089 1913 1089 1911 1104 1898 1117 1887 1285 1887 1289 1883 1289 1856 1144 1856 1142 1854 1115 1827 1115 1825 1113 1825 1111 1825 1109 1825 1108 1825 1071 1838 1056 1825 1056 1823 1055 1823 1053 1823 1020 1821 1018 1821 886 1850 886 1878"/></Shape>
	    <String CONTENT="££"
                    HPOS="884.0"
                    VPOS="1821.0"
                    WIDTH="405.0"
                    HEIGHT="92.0"></String>
          </TextLine>

          
        </TextBlock>
        
      </PrintSpace>
    </Page>
  </Layout>
</alto>
