1749 2197
913.0 137.0 140.0 58.0 - 10 -

419.0 258.0 1205.0 67.0 permanente dont nous jouissons n'aurait plus guère d’intérêt

419.0 338.0 1205.0 53.0 si nous entrions dans une Ligue des peuples. Nous ne savons

421.0 400.0 1143.0 65.0 que trop d’ailleurs, par l’exemple de la Belgique, ce que

421.0 463.0 1263.0 62.0 vaut cette neutralité lorsque c’est l’Allemagne qui la garantit.

419.0 527.0 1188.0 64.0 Mais les Suisses, d'une facon générale, n'en sont pas moins

423.0 604.0 1183.0 56.0 très épris de leur neutralité. Il faut donc arriver à leur

421.0 666.0 1104.0 60.0 faire comprendre quels avantages un petit pays comme le

419.0 734.0 1185.0 53.0 nôtre trouverait à faire partie d'une Ligue des Nations, et

421.0 790.0 1166.0 70.0 combien sa neutralité serait plus sûrement défendue par le

419.0 854.0 1243.0 74.0 concours de toutes ces Nations que par trois ou quatre d'entre

421.0 930.0 1104.0 56.0 elles. Mais le changement d'idées doit être si radical

424.0 997.0 641.0 64.0 qu’il sera laborieux à réaliser.

719.0 1054.0 945.0 71.0 Cette question est liée à celle de/la propagande

424.0 1131.0 1162.0 57.0 étrangère en Suisse. Cette propagande a joué un rôle très

421.0 1197.0 1124.0 60.0 fâcheux dans le pacifisme suisse. Nes amis et moi, nous

421.0 1257.0 1108.0 70.0 avons toujours combattu le défaitisme. De son côté, la

419.0 1329.0 1187.0 55.0 Société Suisse Genevoise de la paix a pris la même attitude

421.0 1389.0 1240.0 62.0 que celle adoptée par la Dotation Carnegie et la conciliation ;

419.0 1457.0 1223.0 68.0 il en a été de même du Bureau International de la Paix. Nous

417.0 1526.0 1110.0 63.0 n'avons eu, en agissant ainsi, aucune hésitation, parce

421.0 1598.0 1212.0 51.0 que nous connaissions le peuple suisse et sa vraie mentalité.

419.0 1655.0 1203.0 60.0 Mais il y a eu malheureusement l'influence contraire. Je ne

419.0 1722.0 1203.0 63.0 parlerai qu'en passant de cette Société suisse pour la Ligue

419.0 1788.0 1146.0 68.0 des Nations, qua fondée le Dr. Broda ; elle est peut-être
