1768 2197
866.0 146.0 139.0 68.0 - 10 -

335.0 281.0 1284.0 68.0 qu’elles ne cessent de vivifier nos prés toujours verts, nos pâ-

337.0 353.0 1203.0 57.0 turages toujours fréquentés, et que le Loir n’a pas cessé un

337.0 417.0 1319.0 60.0 seul instant de couler chez nous à pleins bords, sans même baisser

333.0 488.0 1323.0 61.0 d’un centimètre. Tout est varié dans ce pays, et (cependant) chaque

335.0 552.0 1297.0 57.0 variété se conserve, se perpétue, comme le ciel, comme le climat,

333.0 622.0 1301.0 59.0 comme les produits de notre sol. Sorti des bois et des herbages,

337.0 682.0 1319.0 68.0 j'oublie la guerre en découvrant, autour des fermes, des champs de

338.0 752.0 1283.0 59.0 blé, de seigle, d’avoine, d’orge, entrecoupés de haies, plantées

333.0 818.0 1315.0 58.0 d’arbres tantôt forestiers, tantôt fruitiers, des chênes superbes

333.0 887.0 1286.0 54.0 des chataigniers surtout, que l’industrie des tanneurs guette et

335.0 955.0 1282.0 57.0 décime malheureusement ; partout les pommiers, les poiriers, non

337.0 1012.0 1282.0 64.0 pas superbes comme en Picardie, ces magnifiques poiriers que les

337.0 1087.0 1236.0 55.0 Allemand ont XXXX sciés par le pied, mais couverts de fruits,

337.0 1142.0 1293.0 68.0 comme les noyers ; ces fruits indéfinissables et toujours variés,

337.0 1208.0 1256.0 66.0 comme la vigne, chacun se distinguant du voisin par une saveur,

340.0 1274.0 1318.0 71.0 un goût de terroir particuliers ! Et je ne parle pas des champs de

337.0 1340.0 1304.0 67.0 maïs, si minimes comparés à ceux des Etats-Unis, et des citrouil-

340.0 1418.0 1318.0 53.0 les et des potirons et des courges, et des choux dont le Moyen-Age

337.0 1471.0 1264.0 70.0 a si bien compris la beauté, et des betteraves et des navets et

338.0 1541.0 1202.0 62.0 des pommes de terre, et des champignons qui sont devenus une

338.0 1612.0 1283.0 55.0 fortune por certaines régions, - et des abeilles malheureusement

337.0 1671.0 1343.0 73.0 presque abandonnées mais qu'on essaie de réacclimater, et du gibier!;

337.0 1744.0 1189.0 57.0 Les cerfs, les chevreuils habitent encore ce qui reste de la

335.0 1807.0 1302.0 64.0 grande forêt et font les frais des grandes chasses des châtelains

337.0 1876.0 1256.0 61.0 du Lude, de Juigné et de Bonnétable, les seigneurs d’autrefois,

337.0 1940.0 1205.0 57.0 qui n’avaient qu’à se laisser vivre et aimer pour rester les

335.0 2004.0 1235.0 66.0 maîtres du pays, s’ils avaient consenti seulement à l'habiter,
