1763 2197
890.0 135.0 136.0 82.0 - 12 -

335.0 280.0 1226.0 56.0 moins de 5.000 frs, paie tant de frais de port, de douane, de

324.0 335.0 1371.0 69.0 change, et autres pour entrer en France qu'on vend les pareilles en France

339.0 411.0 1299.0 66.0 plus de 20.000 frs, 23 à 25.000 frs et encore plus. Constatation

337.0 468.0 1200.0 70.0 écrasante. Voilà donc tout producteur français payant, sans

337.0 545.0 1301.0 62.0 parler des impôts dont nous ne pouvons même pas encore évaluer le

335.0 607.0 1360.0 61.0 chiffre, avec un budget de dépenses quadruplé, dépassant 22 milliards

333.0 675.0 1204.0 62.0 par an, au lieu de 6 ; voilà donc tout Français qui voudrait

335.0 735.0 1286.0 68.0 lutter, travailler, acheter et vendre et faire circuler ses pro-

333.0 800.0 1222.0 65.0 duits, obligé de payer cinq fois plus cher que son concurrent

335.0 876.0 1283.0 54.0 américain l'instrument de circulation le plus courant aux Etats-

333.0 933.0 1244.0 64.0 Unis, le plus rare relativement chez nous, l’automobile. Cela

335.0 1008.0 1239.0 53.0 dit tout. La France ainsi est condamnée par toute la suite de

337.0 1069.0 1314.0 67.0 ses guerres, et par la dernière plus encore, à un surmenage crois-

333.0 1138.0 1338.0 63.0 sant. Ce surmenage a été sans doute et stimulant pour sa généreuse

1079.0 1122.0 29.0 42.0 ££

335.0 1202.0 1257.0 70.0 ambition et un €stimulant€ de misère. Elle est devenue, comme on

626.0 1180.0 176.0 44.0 ££

333.0 1268.0 1235.0 61.0 dit chez nous, plus dure au mal, plus rustique, plus éprouvée.

329.0 1336.0 1265.0 53.0 Mais réfléchissez qu’en se réduisant à des besognes matérielles

335.0 1406.0 1268.0 60.0 trop rudes et à des méthodes trop arriérées, en marchant à pied,

329.0 1468.0 1329.0 58.0 quand ses concurrents circulent en automobile, elle double, triple

331.0 1528.0 1301.0 73.0 quadruple son effort pour un résultat beaucoup moindre ; elle n'a

331.0 1598.0 1278.0 60.0 plus le temps d’instruire sa jeunesse ; elle la brûle en appren-

331.0 1667.0 1270.0 61.0 tissage précoce et hâtif, en travaux manuels ; elle se condamne,

326.0 1728.0 1224.0 64.0 dans le mouvement universel, à une course de lenteur avec des

331.0 1797.0 1298.0 55.0 facultés et une expérience sans égales, elle se prive de l'éduca-

328.0 1871.0 1260.0 56.0 tion dont elle profiterait mieux que tous pour le bien de tous;

322.0 1918.0 1287.0 81.0 elle s'épuise enfin. Je vois sur ces jolies routes de la Sarthe

328.0 1991.0 1317.0 65.0 ou j'ai le loisir de penser, je vois sur ces routes précieuses que
