1743 2197
739.0 86.0 683.0 58.0 Clermont-Créans, 3 Septembre 1914

659.0 230.0 106.0 57.0 N° 2

699.0 360.0 196.0 59.0 Cher ami,

556.0 483.0 1011.0 71.0 Nous sommes bien heureux de vous savoir de retour

366.0 554.0 1140.0 75.0 et en sureté dans votre pays paisible. Puissiez-vous n'y

362.0 616.0 1241.0 79.0 voir jamais les calamités qui se sont abattues sur l’Europe !

362.0 688.0 1205.0 73.0 Les visions d’horreur que nous évoquions pour épouvanter le

362.0 754.0 1225.0 60.0 monde et pour essayer de les conjurer sont maintenant dépas-

369.0 827.0 1242.0 64.0 sées ; et nous ne sommes qu’au commencement de la guerre ! Les

369.0 893.0 1179.0 68.0 trains que j'ai vu partir fleuris de jeunesse et d'enthou-

368.0 957.0 1263.0 62.0 siasme reviennent maintenant chargés de blessés, dont tous les

368.0 1019.0 1243.0 72.0 hôpitaux, les casernes laissées vides, les lycées, les écoles

371.0 1085.0 1199.0 77.0 sont déjà pleins dans toute la France ; en quelques jours il

369.0 1157.0 1276.0 67.0 en est arrivé partout, au midi, à l'ouest, au centre du pays. A

368.0 1226.0 1263.0 70.0 La Fl èche seulement, nous avons cinq hôpitaux improvisés, avec

369.0 1287.0 1207.0 69.0 douze cents lits : Créans est une ambulance annexe, et ainsi

373.0 1351.0 1261.0 78.0 dans tous les villages et les habitations qui peuvent disposer

373.0 1428.0 1122.0 58.0 d'un ou plusieurs lits. Et les blessés qui occupent ces

377.0 1493.0 1234.0 70.0 lits sont heureux, les bienheureux : " Je suis dans le ciel! "

523.0 1475.0 70.0 46.0 les

375.0 1554.0 1241.0 66.0 me dit l'un d’entre eux, qui n’a que la jambe fracassée, mais

378.0 1623.0 1218.0 74.0 qui pense à ses camarades restés sur place par milliers, in-

378.0 1693.0 1251.0 70.0 transportables ou intransportés, ou achevés par les Allemands:

378.0 1757.0 1238.0 66.0 car c’est là encore une de ces aggravations que je n’avais pu

380.0 1825.0 1265.0 66.0 concevoir ; les Allemands ne font pas de prisonniers, non seule-

378.0 1893.0 1225.0 60.0 ment par crainte d’avoir à les nourrir et à les garder, mais

258.0 1988.0 939.0 68.0 à Monsieur le Président Nicholas Murray BUTLER

463.0 2070.0 179.0 57.0 NEW-YORK
