1783 2197
824.0 201.0 106.0 79.0 - 2 -

344.0 324.0 1283.0 82.0 part et d’autre, nos précautions les plus strictes d’accord avec

346.0 399.0 1224.0 67.0 le personnel d’élite dont vous disposez, sous la direction de

329.0 468.0 396.0 73.0 Miss MATTHEWS, pour

348.0 600.0 1257.0 71.0 que vous indiquez de 2.000 francs et qui me paraît raisonnable.

525.0 529.0 1140.0 69.0 1° - que la dépense ne dépasse pas le chiffre forfaitaire

350.0 739.0 1295.0 61.0 au début, pendant la période de transition, ne se confondent pas.

529.0 668.0 1138.0 71.0 2° - que votre personnel et celui de la DOTATION, surtout

348.0 864.0 1277.0 67.0 le désordre habituel à tant d’administrations et en imposant des

527.0 796.0 1067.0 68.0 Pour être unis, vivons indépendants. C’est en évitant

350.0 935.0 1236.0 62.0 règles rigoureusement observées, jusqu’ici, de bonne tenue que

346.0 1005.0 1303.0 58.0 nous avons éloigné la malveillance et l’indiscrétion du public et

346.0 1076.0 1319.0 57.0 de la presse, nors de chez nous. Le jour où cette tenue fera place

346.0 1142.0 1279.0 59.0 au laissez aller inévitable dans un local où les responsabilités

348.0 1206.0 1295.0 57.0 seraient confondues, alors nous ne serons plus chez nous, ni l'un

346.0 1279.0 1004.0 57.0 ni l’autre, et tout le monde y sera à notre place.

524.0 1343.0 1081.0 52.0 Nous nous comprenons, mon cher Président et ami, soyez

350.0 1406.0 1235.0 64.0 chez vous à nos côtés, rue Pierre-Curie et prospérez ; c’est là

350.0 1470.0 667.0 69.0 toute la condition de notre bail.

859.0 1572.0 586.0 59.0 votre affectueusement dévoué,

152.0 1697.0 456.0 71.0 Monsieur Paul APPELL

938.0 1629.0 458.0 95.0 ££

194.0 1827.0 1424.0 69.0 P. S. - Pour alléger la contribution du Bureau de la DOTATION CARNEGIE,

351.0 1900.0 1353.0 69.0 j’ai pensé qu’il convenait de lui adjoindre celle de la Conciliation
