1745 2197
902.0 119.0 132.0 51.0 - 17 -

406.0 248.0 1122.0 65.0 représentants, même amis, des nations neutres. C'est en

406.0 307.0 1210.0 75.0 outre une question de bienséance: les neutres, en venant ici,

406.0 380.0 1163.0 68.0 seraient infailliblement gênés par ce fait que tout repré-

408.0 459.0 1163.0 62.0 sentant d'une nation neutre est un trait-d'union entre les

402.0 519.0 1205.0 65.0 belligérants. Nous avons tous ici tro££ de loyauté pour vou-

408.0 585.0 1066.0 59.0 loir mettre des amis neutres dans une situation aussi

406.0 655.0 1144.0 53.0 délicate ; s'ils ne disaient rien, leur silence serait em-

408.0 726.0 1106.0 50.0 barrassant pour eux, et nous nous sentirions nous-mêmes

406.0 785.0 1124.0 60.0 gênés devant telle ou telle suggestion qu'ils pourraient

408.0 854.0 238.0 68.0 nous faire.

699.0 906.0 853.0 69.0 Donc, à part l’exception qui s’imposait en

408.0 977.0 1185.0 64.0 faveur de M. Nippold, nous émettons comme principe que nous

408.0 1047.0 1124.0 73.0 n'inviterons aucun neutre à nos délibérations jusqu'à la

410.0 1113.0 435.0 64.0 signature de la paix.

1038.0 1202.0 470.0 79.0 (approbation générale ).

699.0 1309.0 872.0 73.0 L'assemblée aborde l'ART. I de son ordre du

408.0 1380.0 123.0 64.0 jour:

726.0 1473.0 669.0 59.0 " PROGRAMME D'ACTION POUR 1919."

408.0 1569.0 1186.0 80.0 M. le PRÉSIDENT.- En raison de la reprise de notre acti-

411.0 1645.0 1101.0 57.0 vité, de l'élargissement de notre champ d'action, notre

411.0 1711.0 1180.0 66.0 budget pour le nouvel exercice ne peut plus être établi sur

411.0 1783.0 942.0 67.0 les mêmes bases que celui des années de guerre.

703.0 1861.0 919.0 74.0 Avant la Guerre, le budget du Bureau Européen,
