1745 2197
822.0 115.0 304.0 79.0 LETTRE N° 510.

175.0 217.0 246.0 79.0 SÉNAT

1157.0 214.0 410.0 80.0 PARIS, 30 Mars 1919.

642.0 353.0 658.0 73.0 LA FRANCE CONTINUE à S'ENRICHIR.

975.0 457.0 334.0 62.0 Mon cher Butler,

703.0 549.0 824.0 64.0 Nous discutons le budget de 1919, ou plus

386.0 587.0 1261.0 57.0 modestement les douzièmes provisoires du second trimestre de ce

397.0 626.0 1007.0 60.0 budget ; et nous entrons dans le mois d'Avril!! ...

386.0 719.0 1179.0 59.0 sortir le miracle de l'enrichissement de la France, tel que

721.0 692.0 886.0 47.0 Cette discussion fait vraiment par trop res-

390.0 761.0 1265.0 50.0 nous l'a décrit M. Klotz, notre spirituel Ministre des Finances.

393.0 792.0 1152.0 48.0 En attendant que "les poches paient tout", il faut tout de

386.0 823.0 1168.0 57.0 même trouver, d'une façon ou de l'autre, - impôts, emprunts,

388.0 858.0 1155.0 51.0 indemnités, - plus de 20 milliards de francs pour payer nos

388.0 887.0 1157.0 59.0 dépenses ; 20 milliards par an! 20 milliards par an, mais

386.0 922.0 1196.0 52.0 c'est trop peu dire! Comptons déjà, pour cette année, entre

388.0 955.0 1265.0 59.0 la guerre qui n'est pas finie et la paix qui n'est pas retablie,

386.0 988.0 1197.0 53.0 au moins le double, à titre transitoire, le double puisqu'on

386.0 1025.0 1098.0 57.0 nous demande 10 milliards pour nos dépenses du prochain

384.0 1058.0 211.0 55.0 trimestre.

719.0 1125.0 844.0 48.0 Comment paierons-nous, non pas les 40 mil-

380.0 1157.0 1218.0 49.0 liards de cette année de transition, mais les vingt milliards

382.0 1184.0 1214.0 64.0 des années suivantes? Avant la guerre toute la France pros-

380.0 1222.0 1156.0 54.0 père avait peine à trouver six milliards de recettes ; mais

382.0 1257.0 1218.0 55.0 désormais la France sera, pour une part, détruite ruinée, et,

380.0 1288.0 1233.0 59.0 pour tout le reste, dépeuplée... Il est vrai que l'Alsace-Lor-

384.0 1321.0 1212.0 52.0 raine paiera sa contribution à la place de nos régions dévas-

382.0 1356.0 1113.0 50.0 tées... Mais n'oublions pas que nos futurs impôts, s'ils

379.0 1389.0 1197.0 51.0 rentrent exactement, seront payés en papier deprécié, tandis

380.0 1420.0 1192.0 62.0 qu'une partie de nos dépenses seront à payer en or. - Il est

379.0 1459.0 1232.0 45.0 vrai que nos dépenses de guerre ou de paix armée seront rédui-

377.0 1484.0 1139.0 53.0 tes, et de même, espérons-le, nombre de dépenses devenues

375.0 1517.0 1238.0 55.0 inutiles. Mais d'autres dépenses surgiront, celles de l'avia-

379.0 1556.0 1149.0 49.0 tion civile notamment, qui sont déjà prévues en Angleterre

375.0 1587.0 1201.0 58.0 comme en France, pour un chiffre annuel de un milliard 1/2...

373.0 1620.0 1198.0 55.0 plus que le total d/es deux budgets militaire et naval de la

375.0 1656.0 1157.0 57.0 France il y a dix ans..... Il faut prévoir, en outre, des

371.0 1689.0 1103.0 79.0 dépenses indispensables et irréductibles de production.

150.0 1808.0 943.0 66.0 à Monsieur le Président Nicholas Murray BUTLER.
