1738 2197
877.0 172.0 117.0 60.0 - 4 -

338.0 267.0 1268.0 62.0 ni ses torts ni même son erreur. Sa seule faute est d’avoir été

342.0 346.0 174.0 62.0 vaincue.

542.0 404.0 1049.0 62.0 NIPPOLD estime que l’Allemagne restera soumise à son

344.0 476.0 1317.0 58.0 Gouvernement quel qu’il soit, pourvu que ce Gouvernement maintien-

338.0 540.0 1290.0 56.0 ne l'ordre on ne pourra l'éclairer que si on amène, si on oblige

342.0 607.0 1284.0 63.0 son Gouvernement par le traité de paix à reconnaître sa respon-

325.0 671.0 1321.0 61.0 sabilité. Il estime que tout est dans cette question de la respon-

340.0 737.0 1289.0 64.0 sabilité du Gouvernement allemand. Une fois cette responsabilité

342.0 807.0 1306.0 60.0 établie par la Conférence, par une sentence acceptée du Gouverne-

338.0 876.0 1211.0 63.0 ment allemand, les Allemands seront fixés. - Je viens de le

338.0 950.0 1240.0 53.0 mettre en rapport avec les Professeurs LARNAUDE et LAPRADELLE,

344.0 1016.0 1320.0 56.0 chargés de l'étude de cette question à la Conférence. Son concours

340.0 1080.0 390.0 55.0 leur sera précieux.

538.0 1147.0 1086.0 57.0 La question de la responsabilité du Gouvernement alle-

338.0 1210.0 1306.0 66.0 mand dans l’origine et dans la conduite de la guerre domine celle

338.0 1272.0 1226.0 71.0 de la Société des Nations. Je me demande si les Gouvernements

336.0 1345.0 1198.0 66.0 européens tiendront vraiment à laisser vider cette question,

336.0 1415.0 1229.0 64.0 parce qu’il est impossible de juger le Kaiser et ses généraux

336.0 1481.0 1224.0 64.0 et ses ministres et leurs complices sans admettre une lessive

335.0 1543.0 1272.0 64.0 complète de toute la diplomatie secrète européenne, or je crois,

333.0 1609.0 1254.0 69.0 je suis sûr que le Gouvernement allemand est le grand coupable,

331.0 1682.0 1304.0 59.0 mais je crois aussi que, dans chaque pays, il y a eu certains mi-

333.0 1748.0 1263.0 70.0 nistres, certains politiciens, certains personnages malfaisants

331.0 1810.0 1337.0 72.0 et bon nombre de journaux bien pensants et intéressés qui ont pous-

333.0 1883.0 1302.0 72.0 sé à la guerre, - cela apparaîtra clairement dans le grand procès
