1737 2197
738.0 120.0 106.0 53.0 - 3 -

221.0 205.0 1433.0 71.0 meubles, fixtures, etc, etc. Elle souille invariablement de ses ordures

219.0 280.0 1354.0 62.0 les tapis, le linge lacéré, etc, etc. Ensuite, quand le temps ne lui

218.0 344.0 1363.0 58.0 manque pas, elle met le feu. Ses équipes d’incendiaires sont organi-

221.0 408.0 1376.0 66.0 sées comme chez vous les équipes de pompiers ; et, si un courageux té-

218.0 483.0 1365.0 53.0 moin de ces incendies volontaires tente de les éteindre, on le brûle

221.0 541.0 1347.0 59.0 avec la maison ou on le fusille. €C'es€ Ces équipes sont pourvues de

221.0 613.0 1382.0 53.0 tout un matériel spécial de destruction, comme vos compagnies de pom-

219.0 677.0 1406.0 60.0 piers ont leurs appareils de sauvetage ; elles se sont exercées partout

225.0 746.0 1433.0 59.0 sur leur passage, avec les procédés et les moyens d’action les plus va-

223.0 811.0 1365.0 54.0 riés ; elles ne se bornent pas à l’incendie, leur tâche plus vaste et

219.0 873.0 1426.0 62.0 plus infernale encore est la destruction de tout ; c’est ainsi que, dans

223.0 944.0 1413.0 53.0 le nord, elles ont inondé nos mines de charbon, détruit les ascenseurs,

223.0 1014.0 1365.0 46.0 les ventilateurs, tout le matériel d'exploitation et de secours, les

223.0 1082.0 1402.0 45.0 rendant inutilisables pendant des mois et davantage. De même elles ont

223.0 1140.0 1420.0 53.0 détruit les usines de tissage, de lainage, de teinture, les raffineries

221.0 1206.0 865.0 53.0 les forges, tout ce qui fait vivre le pays.

316.0 1270.0 1265.0 55.0 Mais, pour m'en tenir au simple incendie d’une ville et de Sen-

223.0 1340.0 1396.0 55.0 lis en particulier, l’ordre dans la dévastation m’a véritablement stu-

219.0 1400.0 1382.0 68.0 péfié ; ce n’est plus la barbarie, c’est le progr ès moderne au service

225.0 1466.0 306.0 64.0 de la barbarie.

320.0 1539.0 1266.0 53.0 La plupart des maisons étant entourées de jardins se trouvaient

221.0 1594.0 1325.0 62.0 à l'abri d’un incendie général. L’armée allemande ne disposait pas

223.0 1669.0 1338.0 61.0 à Senlis des obus spéciaux qu’elle emploie avec tant de succès ail-

223.0 1733.0 1338.0 59.0 leurs, par exemple à Reims, pour mettre le feu aux édifices et pul-

221.0 1792.0 1303.0 60.0 vériser jusqu’aux pierres ; elle n’avait sans doute qu’un matériel

223.0 1865.0 1244.0 53.0 d’artillerie relativement inférieur ; c’est ce que me racontent

221.0 1929.0 1319.0 64.0 les habitants en me montrant les obus qu’ils ont ramassés par cen-
