<?xml version="1.0" encoding="UTF-8"?>
<alto xmlns:xsi="http://www.w3.org/2001/XMLSchema-instance"
      xmlns="http://www.loc.gov/standards/alto/ns-v4#"
      xsi:schemaLocation="http://www.loc.gov/standards/alto/ns-v4# http://www.loc.gov/standards/alto/v4/alto-4-2.xsd">
  <Description>
    <MeasurementUnit>pixel</MeasurementUnit>
    <sourceImageInformation>
      <fileName>FRAD072_12J381_lettre0004_009.jpg</fileName>
      
    </sourceImageInformation>
  </Description>
  
  <Layout>
    <Page WIDTH="1743"
          HEIGHT="2197"
          PHYSICAL_IMG_NR="33"
          ID="eSc_dummypage_">
      <PrintSpace HPOS="0"
                  VPOS="0"
                  WIDTH="1743"
                  HEIGHT="2197">
        

        
        <TextBlock ID="eSc_dummyblock_">
          
          
          <TextLine ID="eSc_line_d7654556"
                    
                    BASELINE="774 137 891 137" 
                    HPOS="774.0"
                    VPOS="104.0"
                    WIDTH="117.0"
                    HEIGHT="58.0">
            <Shape><Polygon POINTS="774 137 774 162 891 155 891 137 889 104 774 106 774 137"/></Shape>
	    <String CONTENT="- 8 -"
                    HPOS="774.0"
                    VPOS="104.0"
                    WIDTH="117.0"
                    HEIGHT="58.0"></String>
          </TextLine>

          
          
          <TextLine ID="eSc_line_18e64026"
                    
                    BASELINE="377 274 1598 258" 
                    HPOS="375.0"
                    VPOS="219.0"
                    WIDTH="1223.0"
                    HEIGHT="84.0">
            <Shape><Polygon POINTS="377 274 377 296 635 303 637 303 728 292 732 292 736 292 781 302 783 302 900 291 919 289 933 289 1012 298 1014 298 1060 287 1067 287 1096 287 1285 294 1287 294 1354 283 1364 283 1373 283 1459 292 1461 292 1596 280 1598 258 1592 230 1362 232 1354 230 1325 219 1323 219 1321 219 1182 230 1102 236 1080 230 1054 223 1052 223 1050 223 1049 223 1023 230 994 239 902 239 862 230 844 227 842 227 840 227 831 230 816 238 774 230 767 230 765 230 757 230 686 241 655 230 648 228 646 228 644 228 642 228 640 228 638 230 631 238 607 230 604 230 602 230 600 230 591 230 507 245 470 232 468 232 375 232 377 274"/></Shape>
	    <String CONTENT="résolus les pires problèmes d&#39;où la paix générale dépend, et"
                    HPOS="375.0"
                    VPOS="219.0"
                    WIDTH="1223.0"
                    HEIGHT="84.0"></String>
          </TextLine>

          
          
          <TextLine ID="eSc_line_a6fa7a63"
                    
                    BASELINE="377 340 1600 327" 
                    HPOS="375.0"
                    VPOS="296.0"
                    WIDTH="1225.0"
                    HEIGHT="77.0">
            <Shape><Polygon POINTS="377 340 377 373 465 362 543 371 549 371 551 371 565 371 703 362 714 369 715 369 717 369 719 369 721 369 723 369 747 358 825 366 827 366 937 357 1598 357 1600 327 1596 303 1248 296 1246 296 1245 296 1224 305 930 300 928 300 375 314 377 340"/></Shape>
	    <String CONTENT="avec ces problèmes celui des armements qu’il n&#39;y aurait plus"
                    HPOS="375.0"
                    VPOS="296.0"
                    WIDTH="1225.0"
                    HEIGHT="77.0"></String>
          </TextLine>

          
          
          <TextLine ID="eSc_line_28212923"
                    
                    BASELINE="378 404 1691 395" 
                    HPOS="377.0"
                    VPOS="360.0"
                    WIDTH="1314.0"
                    HEIGHT="72.0">
            <Shape><Polygon POINTS="378 404 378 432 1691 422 1691 395 1688 367 1495 360 1494 360 1492 360 1462 369 1461 369 1457 369 1429 360 1428 360 1426 360 1424 360 1406 369 1400 373 1327 373 1325 369 1316 362 1314 362 1312 362 1224 362 1223 362 944 373 931 364 930 364 928 364 926 364 924 364 900 375 898 375 886 375 778 366 776 366 549 377 483 367 481 367 479 367 477 367 466 378 377 378 378 404"/></Shape>
	    <String CONTENT="ni humiliation ni danger pour personne à réduire, si la réduction"
                    HPOS="377.0"
                    VPOS="360.0"
                    WIDTH="1314.0"
                    HEIGHT="72.0"></String>
          </TextLine>

          
          
          <TextLine ID="eSc_line_e54f977b"
                    
                    BASELINE="378 477 1559 463" 
                    HPOS="377.0"
                    VPOS="439.0"
                    WIDTH="1182.0"
                    HEIGHT="64.0">
            <Shape><Polygon POINTS="378 477 378 497 818 503 820 503 871 496 904 492 917 496 933 501 935 501 937 501 939 501 953 496 968 490 1050 496 1093 497 1094 497 1096 497 1105 496 1127 488 1197 494 1235 497 1237 497 1239 497 1252 494 1281 487 1358 494 1384 496 1385 496 1387 496 1393 494 1411 485 1558 492 1559 463 1556 439 701 439 699 439 697 439 670 448 419 443 417 443 415 443 377 452 378 477"/></Shape>
	    <String CONTENT="générale, s&#39;étendant jusqu’au Japon et secondée par toutes"
                    HPOS="377.0"
                    VPOS="439.0"
                    WIDTH="1182.0"
                    HEIGHT="64.0"></String>
          </TextLine>

          
          
          <TextLine ID="eSc_line_9dd8319e"
                    
                    BASELINE="380 543 1554 529" 
                    HPOS="378.0"
                    VPOS="501.0"
                    WIDTH="1176.0"
                    HEIGHT="73.0">
            <Shape><Polygon POINTS="380 543 380 567 670 574 671 574 673 574 712 565 719 563 726 563 774 573 776 573 871 563 889 562 906 562 994 569 996 569 1041 562 1049 560 1054 560 1080 569 1082 569 1083 569 1125 560 1138 558 1164 560 1257 567 1259 567 1261 567 1294 558 1301 556 1305 558 1321 565 1323 565 1325 565 1554 554 1554 529 1548 503 1083 510 1078 510 1045 501 1043 501 1041 501 952 512 939 512 919 512 767 505 765 505 763 505 737 514 673 505 671 505 670 505 648 516 644 516 530 507 529 507 378 519 380 543"/></Shape>
	    <String CONTENT="les Républiques/du nouveau monde, était consentie par tous."
                    HPOS="378.0"
                    VPOS="501.0"
                    WIDTH="1176.0"
                    HEIGHT="73.0"></String>
          </TextLine>

          
          
          <TextLine ID="eSc_line_179396e7"
                    
                    BASELINE="580 607 1638 598" 
                    HPOS="578.0"
                    VPOS="573.0"
                    WIDTH="1060.0"
                    HEIGHT="60.0">
            <Shape><Polygon POINTS="580 607 580 633 1358 633 1358 631 1422 622 1435 620 1461 620 1609 629 1611 629 1613 629 1638 618 1638 598 1633 573 578 582 580 607"/></Shape>
	    <String CONTENT="Certes un tel accord sera laborieux ; il effraiera la"
                    HPOS="578.0"
                    VPOS="573.0"
                    WIDTH="1060.0"
                    HEIGHT="60.0"></String>
          </TextLine>

          
          
          <TextLine ID="eSc_line_b23b7e11"
                    
                    BASELINE="380 675 1640 666" 
                    HPOS="378.0"
                    VPOS="638.0"
                    WIDTH="1262.0"
                    HEIGHT="66.0">
            <Shape><Polygon POINTS="380 675 380 704 710 695 800 699 880 703 882 703 926 697 963 693 1017 695 1107 701 1109 701 1179 693 1204 692 1224 693 1285 699 1287 699 1369 692 1387 690 1415 690 1580 697 1581 697 1640 686 1640 666 1634 638 378 651 380 675"/></Shape>
	    <String CONTENT="diplomatie, mais en dehors de cet accord je ne vois rien quune"
                    HPOS="378.0"
                    VPOS="638.0"
                    WIDTH="1262.0"
                    HEIGHT="66.0"></String>
          </TextLine>

          
          
          <TextLine ID="eSc_line_947ad4ce"
                    
                    BASELINE="380 743 1600 732" 
                    HPOS="378.0"
                    VPOS="701.0"
                    WIDTH="1222.0"
                    HEIGHT="73.0">
            <Shape><Polygon POINTS="380 743 380 772 642 774 644 774 673 768 695 765 708 768 728 774 730 774 732 774 776 767 805 763 862 767 977 772 979 772 981 772 983 772 994 763 996 763 1006 763 1069 770 1071 770 1072 770 1074 770 1083 763 1087 761 1127 761 1292 767 1294 767 1385 757 1396 757 1406 757 1497 767 1499 767 1600 754 1600 732 1594 701 378 710 380 743"/></Shape>
	    <String CONTENT="guerre per/pétuelle en perspective, et les révolutions inté-"
                    HPOS="378.0"
                    VPOS="701.0"
                    WIDTH="1222.0"
                    HEIGHT="73.0"></String>
          </TextLine>

          
          
          <TextLine ID="eSc_line_56c2c057"
                    
                    BASELINE="384 811 979 805" 
                    HPOS="382.0"
                    VPOS="781.0"
                    WIDTH="597.0"
                    HEIGHT="59.0">
            <Shape><Polygon POINTS="384 811 384 840 840 829 851 829 920 836 922 836 979 825 979 805 974 781 382 787 384 811"/></Shape>
	    <String CONTENT="rieures et la ruine générale."
                    HPOS="382.0"
                    VPOS="781.0"
                    WIDTH="597.0"
                    HEIGHT="59.0"></String>
          </TextLine>

          
          
          <TextLine ID="eSc_line_e2809ff3"
                    
                    BASELINE="582 875 1666 865" 
                    HPOS="580.0"
                    VPOS="836.0"
                    WIDTH="1086.0"
                    HEIGHT="73.0">
            <Shape><Polygon POINTS="582 875 582 906 710 897 739 904 761 909 763 909 765 909 767 909 783 904 792 900 814 902 855 908 856 908 858 908 876 902 897 895 924 900 957 908 959 908 1014 898 1056 893 1158 897 1307 902 1309 902 1310 902 1334 893 1342 891 1360 893 1446 904 1448 904 1514 891 1523 889 1534 889 1633 902 1634 902 1636 902 1666 887 1666 865 1660 836 1050 845 1045 845 1016 836 1014 836 1012 836 1010 836 1008 836 994 845 990 847 955 845 800 838 798 838 796 838 794 838 794 840 792 840 785 849 772 849 638 842 637 842 580 851 582 875"/></Shape>
	    <String CONTENT="Notre Conciliation sera dans son rôle en préconisant"
                    HPOS="580.0"
                    VPOS="836.0"
                    WIDTH="1086.0"
                    HEIGHT="73.0"></String>
          </TextLine>

          
          
          <TextLine ID="eSc_line_6f4e2a2d"
                    
                    BASELINE="380 946 1602 933" 
                    HPOS="378.0"
                    VPOS="904.0"
                    WIDTH="1224.0"
                    HEIGHT="64.0">
            <Shape><Polygon POINTS="380 946 380 968 1602 955 1602 933 1596 904 378 919 380 946"/></Shape>
	    <String CONTENT="et en facilitant de tout son pouvoir cet accord, cet immense"
                    HPOS="378.0"
                    VPOS="904.0"
                    WIDTH="1224.0"
                    HEIGHT="64.0"></String>
          </TextLine>

          
          
          <TextLine ID="eSc_line_04f27c83"
                    
                    BASELINE="382 1008 1016 1001" 
                    HPOS="380.0"
                    VPOS="972.0"
                    WIDTH="636.0"
                    HEIGHT="73.0">
            <Shape><Polygon POINTS="382 1008 382 1043 437 1036 510 1043 530 1045 532 1045 551 1043 609 1034 635 1041 642 1043 644 1043 646 1043 648 1043 649 1043 651 1041 660 1034 681 1041 690 1043 692 1043 693 1043 730 1039 805 1032 1014 1034 1016 1001 1010 972 380 986 382 1008"/></Shape>
	    <String CONTENT="progrès, cette oeuvre de salut."
                    HPOS="380.0"
                    VPOS="972.0"
                    WIDTH="636.0"
                    HEIGHT="73.0"></String>
          </TextLine>

          
          
          <TextLine ID="eSc_line_228d7a63"
                    
                    BASELINE="842 1102 1314 1098" 
                    HPOS="842.0"
                    VPOS="1060.0"
                    WIDTH="472.0"
                    HEIGHT="84.0">
            <Shape><Polygon POINTS="842 1129 869 1140 871 1140 873 1140 875 1140 898 1131 915 1144 917 1144 919 1144 920 1144 922 1144 944 1133 948 1131 968 1133 1060 1144 1061 1144 1063 1144 1065 1144 1076 1135 1085 1129 1312 1140 1314 1098 1310 1074 1080 1060 1078 1060 1076 1060 1074 1060 1063 1067 1054 1074 1021 1067 1010 1065 1008 1065 988 1065 884 1074 842 1063 842 1102 842 1129"/></Shape>
	    <String CONTENT="Affectueusement à vous."
                    HPOS="842.0"
                    VPOS="1060.0"
                    WIDTH="472.0"
                    HEIGHT="84.0"></String>
          </TextLine>

          
        </TextBlock>
        
      </PrintSpace>
    </Page>
  </Layout>
</alto>
