1766 2197
923.0 104.0 143.0 62.0 - 26 -

333.0 228.0 1266.0 70.0 à Château-du-Loir, puis à Vaas, puis à Aubigné, puis au Lude et

333.0 298.0 1165.0 69.0 chez moi enfin où je rentre quand même à l'heure du dîner.

1042.0 430.0 355.0 71.0 5 Octobre 1919.

606.0 529.0 1051.0 64.0 Le surlendemain je suis à Paris ; je me rends compte

333.0 596.0 1286.0 66.0 que le traité de Paix va enfin être approuvé par la Chambre ; il

329.0 668.0 1305.0 57.0 sera voté la semaine prochaine par le Sénat. J'ai juste le temps

329.0 737.0 1268.0 55.0 de retourner au Mans où La Ligue des Droits de l'Homme m'a fait

329.0 801.0 1228.0 57.0 promettre de lui faire, le Samedi 4, une conférence, et où je

329.0 864.0 1229.0 55.0 surveille les progrès de notre monument Wilbur Wright tout en

327.0 928.0 1288.0 69.0 préparant mon installation matérielle pour la période électorale

333.0 999.0 1323.0 57.0 imminente. Du Mans, je retourne à Créans puis, le lendemain matin

331.0 1071.0 1226.0 47.0 je préside mon conseil Municipal à Clermont-Créans et je mets

329.0 1131.0 1187.0 53.0 la dernière main aux préparatifs de l'inauguration de notre

327.0 1188.0 1307.0 64.0 monument aux morts de la guerre. Cela fait, j'arrive à La Flèche

331.0 1266.0 1284.0 54.0 où j'ai, malgré tout, réussi à réorganisér le Comice Agricole du

327.0 1332.0 1288.0 55.0 canton. C'est le Dimanche, 5 octobre. M'y voici. Et c’est par

329.0 1391.0 1147.0 62.0 là que je termine et que je boucle mon tour de la Sarthe.

604.0 1455.0 1011.0 62.0 La Flèche est, comme vous savez, la plus réaction-

329.0 1530.0 1246.0 53.0 naire de toutes les villes du département, après ma commune de

329.0 1596.0 1244.0 57.0 Clermont-Créans sa digne voisine. Mais comme La Flèche est ma

331.0 1656.0 1244.0 64.0 ville natale, je ne puis en désespérer. Et c'est justice. La

327.0 1726.0 1360.0 64.0 Flèche est une ville de vieux retraités, de rentiers. de séminaires,

326.0 1790.0 1289.0 64.0 de couvents, et par conséquent de bigotes. L'école militaire du

327.0 1863.0 1230.0 50.0 Prytanée y entretient, en outre, le plus détestable esprit de

326.0 1924.0 1291.0 67.0 caste. C'est charmant de voir ces enfants et ces jeunes gens en
