1719 2197
760.0 113.0 115.0 68.0 - 7 -

296.0 186.0 416.0 61.0 pareilles questions.

518.0 250.0 999.0 64.0 On m'annonce que M. Caillaux part pour l'Amérique

298.0 324.0 1294.0 56.0 du Sud. On l'y a forcé. Il était condamné par la haine chauvine.

298.0 389.0 1318.0 55.0 On s'était arrangé pour lui faire ici la vie impossible. Et on va

298.0 450.0 1338.0 60.0 le poursuivre là-bas, partout. Caillaux, sans doute, paie cher les

296.0 519.0 1342.0 66.0 défauts de son tempérament, mais bien plus cher encore et plus in-

298.0 585.0 1312.0 61.0 justement les grands services qu’il a rendus, notamment, en empê-

300.0 646.0 1336.0 62.0 chant la guerre en 1911 et en la retardant de trois ans. J'ai fait

298.0 723.0 1318.0 66.0 mon devoir en le défendant ; mais là aussi j'ai été seul..... avec

298.0 787.0 336.0 71.0 les populations.
