1769 2197
829.0 113.0 289.0 88.0 LETTRE N° 571.

205.0 195.0 241.0 81.0 SÉNAT

1085.0 296.0 475.0 57.0 PARIS, 13 octobre 1919.

448.0 454.0 934.0 71.0 AUTRES ARGUMENTS POUR SERVIR à la RÉDACTION DE

611.0 593.0 661.0 69.0 "LA FAILLITE DE LA GUERRE ".

765.0 534.0 297.0 57.0 MON LIVRE SUR:

468.0 651.0 991.0 72.0 EXCELLENT DISCOURS DE M.BOURGEOIS. - L'AFFICHAGE.-

371.0 715.0 1183.0 74.0 LE TRAITÉ DE PAIX EST CRITIOUÉ MAIS VOTÉ PAR LE SÉNAT, POUR

375.0 761.0 1201.0 50.0 EN FINIR.- M. CLEMENCEAU, DANS UN DE SES DISCOURS LES MEIL-

373.0 794.0 1102.0 51.0 LEURS, FAIT LE PROCÈS DES DIRIGEANTS. SANS PENSER QU'IL

373.0 829.0 1167.0 60.0 CONDAMNE TOUS CEUX QUI ONT DESIRE ou N'ONT PAS SU PRÉVENIR

373.0 864.0 209.0 55.0 LA GUERRE.

369.0 952.0 1193.0 69.0 RÉSUME MON POINT DE VUE: CE QU'ON REPROCHE AU TRAITE N'EST

371.0 995.0 628.0 61.0 AUTRE QUE LE FAIT DE LA GUERRE.

569.0 920.0 967.0 63.0 DANS UN DISCOURS QU'IL QUALIFIE DE VIRULENT, JE

899.0 1155.0 333.0 66.0 Mon cher Butler,

303.0 1349.0 1288.0 77.0 11 de ce mois, l’approbation du Traité de paix. A quand le tour

642.0 1285.0 951.0 73.0 En trois séances, le Sénat a voté, les 9, 10 et

303.0 1420.0 339.0 62.0 des Etats-Unis ?

300.0 1548.0 1282.0 74.0 très beau discours de M. Léon Bourgeois, complétant son rapport,

640.0 1492.0 971.0 67.0 La première séance a débutée par un important et

300.0 1629.0 1267.0 57.0 que vous avez. Vous en trouverez le texte dans le compte-rendu

300.0 1688.0 1306.0 58.0 que je vous envoie du "Journal officiel". Je considère comme es-

298.0 1755.0 1287.0 70.0 sentiel que vous possédiez dans vos archives cette collection de

137.0 1946.0 945.0 73.0 à Monsieur le Président Nicholas Murray BUTLER.
