1769 2197
957.0 137.0 123.0 69.0 - 3 -

377.0 276.0 1304.0 70.0 sera là jusqu’à la fin, sans explication, comme la nature ; chacun

377.0 346.0 1283.0 62.0 est présent ; et ceux qui ne sont plus, nombreux hélas, sont rem-

379.0 406.0 1294.0 71.0 placés ; la vie continue, la confiance existe comme par le passé.

377.0 476.0 1298.0 62.0 La Sarthe accompagne la jolie route sablée de jaune où glisse mon

375.0 538.0 1165.0 64.0 auto, entre les larges contre-allées de gazon et les haies

375.0 604.0 1263.0 64.0 vertes ; l'eau miroite au souffle du vent, fraîche, étincelante

373.0 671.0 1244.0 70.0 ou bleue. Elle vient avec moi. Après Noyen, cest Fercé, sur

375.0 737.0 1220.0 72.0 la hauteur et d'où la rivière s’amuse à faire de jolis rubans

375.0 801.0 1280.0 74.0 dans la plaine plus riche, plus fertile que jamais. A Fercé, le

375.0 876.0 1262.0 63.0 Maire est sur sa porte, le visage épanoui, avec sa femme et son

375.0 939.0 1240.0 66.0 fils, jeune héros démobilisé, que j'ai vu naître, heureusement

371.0 997.0 1222.0 75.0 revenu indemne. Nous sommes quatre avec un seul cœeur. Nous

371.0 1061.0 1300.0 74.0 voulions la paix, nous avons combattu la guerre et nous continue-

371.0 1138.0 1280.0 57.0 rons comme auparavant. C'est si clair. A quoi bon des discours

371.0 1204.0 1205.0 64.0 pour une chose si simple ! Entre temps, on rit ; car il y a

371.0 1265.0 1240.0 71.0 toujours place pour un rayon de soleil et pour un sourire dans

369.0 1329.0 1222.0 66.0 les épreuves de la France. Elle sait que la vie renaîtra, et

371.0 1404.0 1273.0 66.0 que le sacrifice des uns fait l’avenir des autres. Après Fercé,

368.0 1459.0 1245.0 67.0 Maigné, puis Loué, où je trouve un de mes collègues du Conseil

366.0 1534.0 1283.0 58.0 Général, tout heureux d’avoir acheté, lui aussi, une auto améri-

369.0 1598.0 1280.0 68.0 caine et de la conduire lui-même, pas très prudemment mais de si

368.0 1664.0 1241.0 60.0 bon coeur. Là déjeuner excellent et très bon marché. Comment

368.0 1724.0 1311.0 75.0 font ces aubergistes qui vous servent un repas de plusieurs plats,

366.0 1797.0 1164.0 66.0 vin compris, pour quatre francs ? Mystère. C’est à vivre

364.0 1865.0 1253.0 61.0 toujours dans ces hôtels inconnus. De Loué, j’arrive à Conlie,
