1747 2197
748.0 84.0 123.0 51.0 - 6 -

371.0 173.0 1260.0 75.0 et à ce qu’elle flatte bien des amour-propres, mais cela tient

369.0 248.0 1185.0 63.0 aussi à ce qu’elle sert beaucoup d’intérêts. Je ne l'avais

373.0 305.0 1236.0 73.0 jamais compris comme à présent, sur le vif. Je vois par exem-

371.0 378.0 1218.0 68.0 ble la ville du Mans s’enrichir de la guerre ; les cafés, les

369.0 441.0 1205.0 69.0 restaurants, les hôtels refusent du monde ; les cultivateurs

371.0 505.0 1216.0 69.0 se voient disputer leurs produits. Il y a aussi les réquisi-

371.0 571.0 1280.0 75.0 tions militaires dont on profite pour se débarrasser à bon prix

371.0 640.0 1244.0 72.0 d’un vieux cheval, d’une voiture, d’une automobile, etc. etc..

369.0 712.0 1236.0 62.0 il y a les bouchers, les boulangers, les menuisiers, etc. qui

371.0 783.0 1233.0 55.0 n'ont jamais trouvé tant d’acheteurs ; il ya les fabricants de

368.0 849.0 1258.0 68.0 conserves, les fournisseurs de matériel pour les hôpitaux, ta-

366.0 920.0 1194.0 55.0 pissiers, menuisiers, pharmaciens, orthopédistes, etc.etc..

364.0 977.0 1201.0 68.0 Ajoutez à cela un nombre immense de fournisseurs militaires

366.0 1049.0 1239.0 67.0 non pas seulement ceux qui vendent les canons et les armes et

366.0 1120.0 1236.0 59.0 les munitions, mais les accessoires, les habillements, le ma-

368.0 1186.0 1155.0 51.0 tériel des transports et de l’intendance, etc, etc. C’est

368.0 1243.0 1252.0 71.0 tout un monde ; ajoutez à ce monde tout ce qu’il y a de combat-

366.0 1309.0 1175.0 69.0 tants promus officiers, colonels, généraux, décorés; -jadis

364.0 1384.0 1218.0 64.0 Napoléon 1er leur donnait des titres et des majorats! - vous

362.0 1444.0 1218.0 70.0 comprendrez qu’après la guerre, s’il y a un nombre infini de

364.0 1506.0 1192.0 72.0 malheureux en deuil et ruinés qui se lamentent, il y a €une€

362.0 1576.0 1196.0 64.0 €nombre€ en a d’autres, au contraire, qui ont très bien fait

362.0 1640.0 1234.0 66.0 leurs affaires, se sont enrichis, élevés au point qu’ils for-

360.0 1709.0 1253.0 66.0 ment une classe privilégiée, fortunée, celle qui trouvera tout

358.0 1774.0 1257.0 65.0 naturel de réclamer de nouveau ou dont les enfants réclameront

358.0 1847.0 1235.0 66.0 plus tard la guerre ; tandis que la foule des malheureux, sans

360.0 1909.0 1213.0 73.0 forces, sans ressources, sans protection mettront des années

358.0 1980.0 1176.0 70.0 à reconquérir dans la paix les droits dont ils jouissaient
