1735 2197
894.0 140.0 119.0 55.0 - 9 -

652.0 296.0 1007.0 73.0 L'abus des grèves à tout instant et à tout propos,

377.0 362.0 1194.0 81.0 dans les transports dont tout dépend, dans les usines, dans

381.0 439.0 1291.0 60.0 les ateliers, dans l'imprimerie, dans les magasins de nouveautés

379.0 510.0 1211.0 59.0 etc....etc.... a été une aggravation non seulement de la vie

379.0 565.0 1110.0 66.0 chère, mais de la difficulté de vivre. On ne peut plus

381.0 637.0 1211.0 73.0 compter sur rien ; et les plus humbles se ressentent de cette

381.0 710.0 1247.0 64.0 incertitude autant, au moins, que les plus riches qui ont leur

379.0 779.0 1207.0 55.0 auto, leurs serviteurs, leurs provisions, leur argent enfin.

377.0 847.0 1233.0 59.0 On ne reçoit plus rien régulièrement ; ni charbon, ni matières

379.0 913.0 1114.0 55.0 premières, ni matériaux de construction, ni machines, ni

377.0 979.0 1215.0 57.0 engrais, ni instruments. On renonce à ce qu'on devait faire

381.0 1041.0 1134.0 59.0 faute de pouvoir y réussir, avec la meilleure volonté du

377.0 1103.0 1253.0 63.0 monde. Un employé n'arrive pas, non seulement à vivre, mais à

379.0 1169.0 1213.0 63.0 gagner de quoi faire le possible. Il reste en panne dans le

377.0 1243.0 1275.0 60.0 métro, dans les trains, dans les tramways, dans les gares, dans

381.0 1305.0 1141.0 68.0 les salles d'attente ou en plein air, à ne rien faire et

381.0 1369.0 1192.0 73.0 comme lui, sa femme et ses enfants. Il voit la vie commune

382.0 1440.0 986.0 68.0 se désorganiser, en commençant par sa propre vie.

698.0 1508.0 873.0 64.0 Si, du moins, on avait le sentiment que ces

381.0 1572.0 1176.0 66.0 perturbations contribueront au retour de l'ordre ; mais on

381.0 1647.0 1229.0 59.0 sait le contraire ; elles n’améliorent pas, etles empirent la

379.0 1711.0 1174.0 57.0 situation. Elles aboutissent à des concessions forcées et

381.0 1772.0 1168.0 62.0 pour ainsi dire, contre nature ; à cette monstruosité, par

381.0 1849.0 1168.0 58.0 exemple, que le travail manuel, agissant en masse, obtient
