1774 2197
952.0 142.0 145.0 63.0 - 4 -

331.0 269.0 1268.0 69.0 puis à Sillé-le-Guillaume. ££à c’est un changement de décor. La

331.0 335.0 1287.0 62.0 douce vallée du Loir, et celle de la Sarthe ont fait place à des

331.0 408.0 1287.0 64.0 panoramas qui seraient majestueux si les collines et les vallons

333.0 483.0 1323.0 46.0 n’étaient, à l'infini, divisés en touves petites propriétés.... Il

331.0 547.0 1338.0 51.0 n'y a pas d'habitants ! semble-t-il. On ne voit que de la culture.

333.0 606.0 1226.0 60.0 Mais une culture si soignée, si raffinée qu'on se rend compte

333.0 673.0 1323.0 68.0 des convoitises qu’un pareil pa(y)s peut inspirer à ses voisins sur-

333.0 737.0 1277.0 64.0 peuplés. Le vieux château gothique, aux donjons encore intacts,

335.0 803.0 1285.0 62.0 par bonheur, domine toute la région jusqu'au département voisins,

333.0 869.0 1307.0 57.0 la Mayenne, dont les lignes bleues sont un appel. Loin de perdre

331.0 933.0 1325.0 66.0 de sa valeur, la terre a augmenté du double et du triple depuis la

331.0 1001.0 1305.0 60.0 guerre ; les notaires que je rencontre me disent qu’ils ont vendu

333.0 1065.0 1303.0 66.0 pour des millions de fermes. La propriété seigneuriale qui était

333.0 1135.0 1303.0 56.0 passée peu à peu, presque toute, aux mains des bourgeois, devient

329.0 1197.0 1243.0 68.0 paysanne ; nombre de fermiers dépossèdent leurs propriétaires,

333.0 1265.0 1285.0 64.0 lesquels ne savent pas, eux, et ne peuvent pas faire valoir leur

335.0 1334.0 1334.0 53.0 bien par leur travail. C'est le travail qui est ici le conquérant.

329.0 1396.0 1289.0 65.0 Et c’est pourquoi on dit que la campagne ne sera pas socialiste ;

333.0 1471.0 1305.0 52.0 C’est pourquoi, en tous cas, elle ne sera pas révolutionnaire. On

333.0 1536.0 1343.0 53.0 en abuse, dans les milieux conservateurs pour opposer les campagnes

333.0 1603.0 1265.0 50.0 aux villes, les paysans qui sont restés cinq ans dans les tran-

331.0 1664.0 1287.0 60.0 chées aux ouvriers mis en sursis dans les chemins de fer et dans

335.0 1733.0 1352.0 59.0 les usines. Grave conflit qu'il faudrait prévenir et non envenimer.

727.0 1799.0 861.0 59.0 Je quitté Sillé après avoir fait compléter,

331.0 1856.0 1274.0 71.0 par des mains amies, comme je le ferai tout le long de la route,
