1745 2197
877.0 115.0 144.0 71.0 - 18 -

422.0 245.0 1125.0 77.0 y compris les fortes subventions qui étaient versées par

422.0 314.0 1165.0 74.0 son intermédiaire, se montait à Frs: 321.250 frs. Pendant

422.0 384.0 1183.0 68.0 la guerre, ce chiffre est descendu à 37.000 frs, dont 7.000

422.0 454.0 1163.0 60.0 de subventions. Pour répondre au désir que nous a exprimé

421.0 518.0 1104.0 66.0 M, le Président Butler, j'ai établi récemment un projet

421.0 585.0 1161.0 59.0 de budget pour notre Bureau, relatif à l'exercice à venir.

421.0 651.0 1204.0 64.0 J'y prévois le concours prêté à l'Association Française pour

424.0 719.0 1159.0 57.0 la Société des Nations, se traduisant par un supplément de

424.0 792.0 1143.0 52.0 dépenses pour le paiement du personnel, une participation

424.0 862.0 1152.0 55.0 aux frais de représentation et de réception de la société,

422.0 928.0 1216.0 56.0 une augmentation des frais de correspondance, de télégrammes.

422.0 983.0 1101.0 66.0 J'ai dû prévoir aussi certaines sommes destinées, comme

421.0 1056.0 1206.0 57.0 jadis, à indemniser de leurs dépenses de voyage et de séjour

422.0 1122.0 1202.0 60.0 les membres de notre comité Exécutif et de notre conseil, en

421.0 1186.0 1217.0 58.0 vue des réunions périodiques que nous allons tenir à nouveau ;

421.0 1246.0 1237.0 72.0 enfin j'ai fait figurer à ce budget, pour mémoire, différentes

424.0 1320.0 1154.0 58.0 subventions pour lesquelles j’ai adressé des demandes par-

421.0 1382.0 1140.0 66.0 ticulières à M. le Président Butler. Au total, le budget

419.0 1455.0 1086.0 53.0 annuel de notre Bureau Européen serait porté à environ

419.0 1515.0 1157.0 63.0 96.000 francs, et il comprendrait en outre les différentes

419.0 1580.0 1135.0 65.0 subventions dont je viens de parler, si M.M. les Trustees

419.0 1644.0 745.0 73.0 Américains en approuvent le principe.

1047.0 1742.0 492.0 68.0 (approbation générale.)

708.0 1847.0 950.0 64.0 En soumettant ce nouveau budget à l'approbation

419.0 1913.0 1064.0 69.0 des Trustees Américains, j’ai particulièrement appelé
