1738 2197
787.0 104.0 174.0 46.0 - 3 -

615.0 184.0 1060.0 74.0 La DOTATION, qui nous reçoit chez elle, et qui garde-

302.0 256.0 1386.0 73.0 rait le bureau, si l’Association Française venait à se transporter ail

305.0 325.0 1363.0 66.0 leurs, ou à disparaître, estime-t-elle que ces dépenses, dont le béné-

309.0 393.0 1368.0 64.0 fice, quoi qu’il arrive, restera acquis au local, lui incombent natur-

307.0 468.0 1381.0 59.0 rellement ? Pense -t-elle, au contraire, qu’il y a lieu d’en faire sup

305.0 532.0 1356.0 55.0 porter une partie, la moitié, par exemple, à l'Association Française

305.0 591.0 1354.0 64.0 qui aura l’usage de ces aménagements ? Telle est la question sur la-

307.0 660.0 1377.0 68.0 quelle je désirerais, avant la séance du Comité qui enregistrera notre

304.0 719.0 747.0 71.0 accord, avoir avec vous un entretien.

619.0 792.0 1001.0 66.0 Avec les remerciements renouvelés de l'Association

304.0 854.0 1368.0 68.0 Française à la Dotation Carnegie et au dévoué Président de son Bureau

305.0 922.0 1374.0 72.0 Européen, veuillez agréer, mon cher Président et ami, mes bien cordia-

304.0 983.0 329.0 78.0 les salutations.

1146.0 1125.0 247.0 52.0 Paul APPELL

893.0 1179.0 685.0 84.0 Président du Comité exécutif de l'

1012.0 1254.0 432.0 75.0 Association Française
