1747 2197
173.0 219.0 233.0 86.0 LETTRE N° 493.

809.0 170.0 317.0 66.0 SÉNAT

430 194 223 212 ££

1131.0 324.0 396.0 82.0 PARIS, 2 Mars 1919.

776.0 468.0 383.0 72.0 LA VIE REPREND .

932.0 657.0 335.0 73.0 Mon cher Butler,

406.0 913.0 1159.0 77.0 cosmopolitiser... (ce barbarisme est bien de saison), que

703.0 849.0 862.0 77.0 Tandis que les boulevards recommencent à se

406.0 984.0 1174.0 72.0 devient la vie de famille en France? La vie chère interdit

406.0 1063.0 1121.0 59.0 sans doute bien des réunions ; et aussi la difficulté de

406.0 1124.0 1075.0 62.0 trouver des domestiques, même à tout prix. La grippe,

402.0 1188.0 1127.0 67.0 par surcroît, continue de faire des ravages ; on prétend

410.0 1246.0 1212.0 72.0 qu'elle a tué, en France, plus de monde encore que la guerre, -

406.0 1318.0 1216.0 69.0 sur quatre domestiques, nous en avons deux au lit. Ce qui va

401.0 1384.0 1115.0 64.0 manquer de forces généreuses et jeunes est incalculable,

401.0 1451.0 1181.0 53.0 mais c’est une question qui vaut d'être examinée de près et

399.0 1515.0 1126.0 66.0 non en passant ; j'y reviendrai. Je n'en aurai que trop

401.0 1580.0 1111.0 58.0 l'occasion. Tous les jours, nous discutons, au Sénat ou

404.0 1644.0 1141.0 58.0 ailleurs, dans nos commissions des Finances, des Affaires

402.0 1715.0 1207.0 62.0 Extérieures, de la Marine, des Régions Libérées, de l'Alsace,

399.0 1783.0 1174.0 51.0 dans nos groupes de l'Arbitrage, de la Société des Nations,

397.0 1847.0 1201.0 66.0 de l'Aviation, etc...etc.. Ces problèmes de l’après-guerre ;

183.0 1999.0 941.0 66.0 à Monsieur le Président Nicholas Murray BUTLER.
