1745 2197
877.0 129.0 109.0 65.0 - 4 -

382.0 252.0 1240.0 68.0 Et si cette liste s'allonge, comme ont fait les vôtres après la

386.0 325.0 1196.0 64.0 guerre de Sécession, où nous arrêterons-nous ? Le lendemain

380.0 388.0 1170.0 66.0 de la guerre, même victorieuse, c’estl’inconnu, le gouffre.

380.0 454.0 1218.0 62.0 Que serait-ce si nous n’avions pas été vainqueurs ! Voilà ce

382.0 527.0 780.0 60.0 qu'il faut redire toujours et toujours.

714.0 593.0 807.0 56.0 Quoi qu'il en soit, à toute la liste des

380.0 649.0 1178.0 74.0 créanciers, étrangers et nationaux, des pensionnés, des re-

380.0 725.0 1141.0 54.0 traités civils, coloniaux et autres de la France, il nous

380.0 789.0 1236.0 58.0 faut ajouter dès à présent une catégorie de créanciers supplé-

373.0 854.0 1139.0 68.0 mentaires auxquels il sera dû 4 milliards pour commencer.

708.0 920.0 886.0 66.0 Je n'ose pas même essayer de faire le calcul

371.0 990.0 1260.0 59.0 de ce que sera l'énorme total de nos dépenses improductives sur

761.0 1032.0 125.0 46.0 ££ ££

373.0 1052.0 1159.0 66.0 le chiffre de nos 20 milliards de dépenses annuelles... à

373.0 1127.0 1174.0 59.0 supposer que ce chiffre approximatif ne soit pas dépassé...

703.0 1195.0 910.0 60.0 Par bonheur, M. Klotz nous a découvert que la

371.0 1255.0 1121.0 66.0 France, sans qu'on s'en apercoive bien clairement, s’est

369.0 1320.0 476.0 62.0 enrichie par la guerre!

703.0 1391.0 846.0 59.0 Est-il possible qu'il y ait eu des rêveurs

368.0 1446.0 1181.0 62.0 comme Jaurès et des malfaiteurs comme Caillaux, pour ne pas

368.0 1510.0 1237.0 66.0 compter sur un tel bienfait ! Pourvu que la France n’aille pas

366.0 1585.0 1120.0 62.0 découvrir qu’ils avaient raison. Et cette découverte me

364.0 1645.0 1199.0 66.0 semble probable, sinon imminente. Un de mes amis prétendait

366.0 1720.0 1137.0 59.0 que je devrais dire cela à la tribune. Grave erreur. Je

366.0 1774.0 1261.0 65.0 l'ai dit à temps, avant la guerre. Il est trop tard maintenant.

364.0 1849.0 1238.0 60.0 Je ne me donnerai pas la stérile et détestable satisfaction de
