1742 2197
892.0 146.0 117.0 55.0 - 4 -

421.0 280.0 1236.0 64.0 l'intimité la plus simple, corrigent ou réparent la sécheresse

421.0 346.0 1157.0 62.0 dispendieuse et décourageante des fêtes officielles. Vous

423.0 415.0 1170.0 51.0 auriez vu là un tout petit cercle d'une cinquantaine d'Amé-

421.0 479.0 1137.0 57.0 ricains, de Français et d'alliés, heureux d'être ensemble

423.0 541.0 1155.0 59.0 pour fêter votre Ambassadeur M. Sharp et sa famille, M. et

419.0 604.0 1139.0 56.0 Mme . Straus ; heureux d'entendre, en famille, mes filles

419.0 673.0 1196.0 57.0 donner un concert à l'amitié franco-américaine ; vous auriez

419.0 743.0 1178.0 55.0 retrouvé enfin l'atmosphère du dîner Butler du mois de Juin

421.0 798.0 1135.0 67.0 1914, diner inoubliable, pourquoi parce que, si nombreux

419.0 867.0 1158.0 59.0 qu'aient été les convives, ce n'était pourtant pas un ban-

419.0 939.0 1213.0 51.0 quet, c'était une fête intime, rare, exceptionnelle, une fête

417.0 1001.0 1077.0 59.0 de l'entente cordiale internationale. C'était la même

417.0 1069.0 1139.0 56.0 entente cordiale hier, à notre foyer. Combien de fois me

417.0 1136.0 1185.0 59.0 suis-je dit que, si j'avais disposé, et à Paris et à Créans,

417.0 1199.0 1097.0 60.0 de la millième partie des millions que notre propagande

415.0 1263.0 1136.0 58.0 nationale a gaspillés comme on sait, pendant la guerre et

417.0 1331.0 1213.0 64.0 avant la guerre, la guerre peut-être n'eût pas eu lieu ; peut-

415.0 1387.0 588.0 68.0 être aurait-elle moins duré ?

707.0 1462.0 884.0 63.0 Quoi qu'il en sait, la rue Molitor est rede-

415.0 1519.0 1136.0 68.0 venue le terrain de la conciliation, comme jamais l’avenue

415.0 1590.0 1158.0 61.0 Henri-Martin, mais plus modestement, d'autant mieux. Vous

415.0 1649.0 1173.0 60.0 auriez rencontré, avec l'excellente famille Sharp, Mme. Ed-

415.0 1724.0 1173.0 50.0 House, sa sœur Mme. Mezes et son mari, vos amis le Profes-

412.0 1786.0 1196.0 61.0 seur Johnson, Finch, M. et Mme. James Brown Scott, Holman et

413.0 1852.0 1217.0 64.0 la fille, le Président du Sénat, le Maréchal et Madame Joffre,
