2304 3072
824 133 187 97 - 5 -

302 261 1769 115 l'arrêter, mais non, ayant manqué sa destinée bienfaisante,; il

296 368 1767 108 s’est précipité comme un dément dans un délire de destruction.

286 463 1792 107 C'est bien là ce qui résulte de la lecture impartiale du livre

309 552 1782 116 bleu et du livre blanc que votre conciliation a pris l’heureuse

309 655 1088 97 initiative de répandre aux Etats-Unis.

432 742 1672 113 Ceux qui, comme vous et tant d’autres de nos amis, ont es-

309 842 1762 105 sayé de prévenir la catastrophe, ceux qui ne pouvaient trouver

286 936 1787 105 de repos dans leur conscience, aussi longtemps qu’ils voyaient

286 1031 1779 105 une chance sur mille de persuader l’Empereur et d’orienter sa

279 1128 1745 100 volonté dans le sens de la justice et de la raison, ceux qui

276 1221 1710 99 pensaient qu’il pouvait souhaiter d'être le digne souverain

281 1313 1746 107 du pays de Kant, de Goethe et de Beethoven plutôt que l'héri-

309 1413 1759 97 tier sauvage d’Attila, ceux là n'ont rien à se faire pardonner

299 1507 1779 100 au contraire ; ils ont été des hommes de bonne volonté,; ils ont

286 1602 1751 108 échoué, mais leurs tentatives ingrates méritent le respect du

289 1694 1718 113 monde, elles sont plus honorables, en tout cas, et elle pou-

299 1784 1853 118 vaient être plus fécondes que le scepticisme de leurs détracteurs

448 1884 1625 115 Et maintenant, de jour en jour, le crime de la guerre dé-

320 1984 1771 104 chaînée va s’aggraver, et cela toujours pour rien la victoire

299 2073 1764 115 allemande n’en restera pas moins stérile ; les cris d’horreur

296 2173 1775 110 qu’elle a soulevés sur son passage, des Vosges à l'Atlantique,

286 2265 1833 118 restent dominés par notre anathème, par notre protestation de €t€

312 2362 1730 121 tout sacrifier plutôt que de subir la honte de la domination

309 2475 267 110 allemande.

440 2547 1628 125 Et les neutres ? Leur situation n’est pas enviable. On a

320 2636 1850 128 beau dire que le Gouvernement Italien en dépit des manifestations

296 2741 1769 121 populaires d'hostilité contre l'Autriche et de sympathie pour

322 2836 1631 131 la France, attend l'épuisement des uns et des autres pour
