2304 3072
821 61 169 82 - 6 -

112 122 2000 154 leurs représentants ont prise à l'élaboration de ces conventions.

135 250 1892 144 Je comprends très bien que de petits Etats neutres et voisins

135 363 1936 131 comme la Hollande, la Suisse, le Danemark, ne puissent pas sans

133 465 2101 134 graves inconvénients, se faire représenter dans une telle commission

125 573 1871 125 mais précisément le rôle des Etats-Unis, plus éloignés, plus

145 678 1936 118 distants, moins en danger de se compromettre, serait de prendre

138 783 1902 118 en mains leur intérêt.... Parlez-en avec E. Root , avec Choate

145 888 1936 110 Porter, Seth Low, A.D. White ; ah! si Root voulait s’en occuper!

153 977 1956 118 il est aussi difficile, à mon sens, de constituer une commission

145 1080 2015 110 d’enquête sur les atrocités de la guerre actuelle qu’il est impos-

166 1182 1830 108 sible de s’en désintéresser. Je vous ai dit avec quel regret

153 1282 1895 108 j’ai vu l'attitude par trop réservé du Pt Wilson et son parti-

153 1384 2002 113 pris de faire le mort précisément le jour où il pouvait et devait

156 1489 1881 108 être l’interpr ète de la conscience universelle. Je n'y reviens

161 1592 1910 112 pas, mais réfléchissez. Si vous penchiez dans le sens d’une en-

158 1692 1913 112 quéte partielle, purement américaine et privée, à organiser par

174 1781 1991 123 notre Dotation, conformément à la suggestion d’Herriot, vous pour-

179 1891 1943 116 riez peut-être, pour gagner du temps, m’en avertir par un cablo-

166 2007 632 117 gramme ainsi rédigé:

934 2091 706 100 "Approuve suggestions "

504 2176 1628 125 Cela me suffirait, non pas pour agir, mais pour causer

166 2280 2010 134 avec Herrick et m’orienter avec toute la discrétion et la prudence

176 2419 379 97 nécessaires.

903 2472 873 126 Votre affectueusement dévoué,

10 2711 2058 145 P. S. Je ne vous demande pas quel est le jour de votre anniversaire.

186 2818 1803 143 vous êtes trop jeune encore pour que vos amis vous posent de
