<?xml version="1.0" encoding="UTF-8"?>
<alto xmlns:xsi="http://www.w3.org/2001/XMLSchema-instance"
	  xmlns="http://www.loc.gov/standards/alto/ns-v4#"
	  xsi:schemaLocation="http://www.loc.gov/standards/alto/ns-v4# https://gitlab.inria.fr/scripta/escriptorium/-/raw/develop/app/escriptorium/static/alto-4-1-baselines.xsd">
  <Description>
	<MeasurementUnit>pixel</MeasurementUnit>
	<sourceImageInformation>
	  <fileName>P1110399.JPG</fileName>
	</sourceImageInformation>
  </Description>
  <Layout>
    <Page WIDTH="2304" HEIGHT="3072" PHYSICAL_IMG_NR="4" ID="eSc_dummypage_">
      <PrintSpace HPOS="0" VPOS="0" WIDTH="2304" HEIGHT="3072">
        
        <TextBlock ID="eSc_dummyblock_">
	      <TextLine ID="eSc_line_230359" BASELINE="791 156 988 151" HPOS="791.0" VPOS="115.0" WIDTH="197.0" HEIGHT="82.0">
            <Shape>
              <Polygon POINTS="791 156 793 128 844 115 885 117 906 138 919 128 949 130 988 151 980 176 965 171 942 194 906 171 875 197 847 168 834 179 796 168"/>
            </Shape>
	        <String CONTENT="- 4 -" HPOS="791.0" VPOS="115.0" WIDTH="197.0" HEIGHT="82.0"></String>
          </TextLine>
        
        
	      <TextLine ID="eSc_line_230360" BASELINE="256 304 376 299 596 312 839 322 1034 320 1868 330 1991 335" HPOS="256.0" VPOS="243.0" WIDTH="1733.0" HEIGHT="156.0">
            <Shape>
              <Polygon POINTS="256 302 261 248 337 273 404 243 432 266 491 253 542 279 558 266 611 261 640 284 704 258 727 279 785 286 816 266 903 289 939 276 965 289 1036 276 1093 294 1146 291 1169 304 1187 289 1226 291 1251 309 1313 286 1436 309 1512 291 1592 296 1605 284 1656 317 1681 296 1797 291 1827 307 1856 296 1879 307 1976 304 1989 332 1981 394 1896 394 1866 368 1838 394 1812 399 1704 389 1612 396 1574 378 1510 399 1477 396 1454 376 1431 394 1372 394 1338 363 1246 353 1203 386 1185 378 1157 389 1118 358 1075 384 1039 350 977 350 949 366 924 353 872 353 852 337 801 353 768 353 752 340 709 350 683 343 642 368 611 340 573 335 555 320 529 340 491 343 345 327 309 358 273 355 261 343"/>
            </Shape>
	        <String CONTENT="de dégoût et même d’inquiétude le monde entier ; cette igno-" HPOS="256.0" VPOS="243.0" WIDTH="1733.0" HEIGHT="156.0"></String>
          </TextLine>
        
        
	      <TextLine ID="eSc_line_230361" BASELINE="268 409 432 409 463 414 719 422 773 424 1169 435 1710 432 2057 435" HPOS="266.0" VPOS="363.0" WIDTH="1789.0" HEIGHT="143.0">
            <Shape>
              <Polygon POINTS="266 407 271 366 322 363 407 376 499 371 522 386 540 373 650 378 663 389 803 373 829 394 857 378 913 409 934 391 1072 394 1113 376 1159 396 1213 394 1251 407 1328 391 1487 396 1510 412 1541 394 1728 394 1748 412 1766 399 2014 394 2042 399 2055 432 2045 501 1978 486 1958 496 1891 486 1832 496 1776 483 1733 496 1656 491 1635 478 1582 496 1543 481 1512 506 1477 483 1400 494 1369 476 1300 499 1254 481 1231 494 1167 483 1152 491 1111 468 1080 491 972 491 939 471 921 486 870 488 824 460 801 478 760 478 716 453 680 481 622 473 558 486 532 473 519 481 486 468 471 476 448 460 432 465 401 440 271 437"/>
            </Shape>
	        <String CONTENT="minieuse brutalité du caporalisme prussien devenue souveraine" HPOS="266.0" VPOS="363.0" WIDTH="1789.0" HEIGHT="143.0"></String>
          </TextLine>
        
        
	      <TextLine ID="eSc_line_230362" BASELINE="279 517 568 514 668 527 1932 524 1968 529" HPOS="279.0" VPOS="463.0" WIDTH="1689.0" HEIGHT="110.0">
            <Shape>
              <Polygon POINTS="279 517 284 473 312 478 350 463 391 478 542 483 573 506 599 486 673 481 704 496 739 481 791 501 819 481 898 494 939 481 967 506 998 486 1059 486 1085 509 1128 486 1157 499 1259 488 1308 524 1338 496 1487 496 1515 512 1548 491 1600 512 1617 496 1756 499 1817 488 1835 504 1891 486 1960 499 1968 529 1948 565 1876 558 1861 573 1827 550 1779 570 1761 560 1728 573 1704 560 1651 568 1607 547 1564 568 1515 545 1446 573 1423 560 1341 568 1315 545 1290 568 1218 555 1146 565 1134 555 1108 560 1088 542 1054 563 993 558 970 537 916 558 808 552 796 540 737 560 701 532 680 550 632 552 614 565 583 542 550 563 527 545 468 542 432 568 404 542 284 537"/>
            </Shape>
	        <String CONTENT="maîtresse, par la force des choses, contre la volonté même" HPOS="279.0" VPOS="463.0" WIDTH="1689.0" HEIGHT="110.0"></String>
          </TextLine>
        
        
	      <TextLine ID="eSc_line_230363" BASELINE="268 619 537 616 691 629 1743 627 1940 629" HPOS="268.0" VPOS="573.0" WIDTH="1662.0" HEIGHT="118.0">
            <Shape>
              <Polygon POINTS="268 619 286 576 337 583 350 596 373 576 412 573 514 588 663 586 704 616 729 591 808 588 819 578 908 601 942 583 990 604 1021 586 1351 586 1372 604 1392 588 1436 586 1456 606 1479 586 1576 586 1628 604 1648 586 1707 588 1725 578 1761 593 1820 578 1858 606 1889 586 1922 593 1930 629 1925 683 1886 670 1868 686 1820 688 1799 678 1784 688 1710 688 1684 668 1625 691 1546 670 1469 688 1428 675 1328 688 1241 686 1221 673 1180 686 1118 668 1098 683 1059 670 944 673 921 688 903 673 883 683 852 657 826 680 637 673 614 683 591 678 563 650 519 650 504 663 471 647 435 652 412 642 378 655 350 632 337 645 273 640"/>
            </Shape>
	        <String CONTENT="de l’Empereur, contre la protestation de toute l&#39;élite de" HPOS="268.0" VPOS="573.0" WIDTH="1662.0" HEIGHT="118.0"></String>
          </TextLine>
        
        
	      <TextLine ID="eSc_line_230364" BASELINE="276 724 317 719 586 719 614 724 870 724 936 732 1047 729 1088 724 1113 732 1991 727" HPOS="276.0" VPOS="675.0" WIDTH="1715.0" HEIGHT="121.0">
            <Shape>
              <Polygon POINTS="276 724 289 675 430 691 450 678 601 688 647 711 673 691 737 683 808 691 824 704 847 683 921 688 942 701 962 683 993 691 1034 680 1067 688 1100 716 1141 686 1228 701 1244 688 1356 693 1400 680 1477 691 1505 716 1548 678 1564 691 1610 688 1630 698 1684 675 1707 693 1835 686 1881 716 1912 688 1984 686 1991 727 1986 752 1955 778 1912 788 1848 785 1827 768 1804 785 1763 788 1748 775 1717 785 1658 785 1646 775 1571 783 1520 739 1456 783 1377 773 1344 788 1239 773 1187 785 1113 737 1077 770 1039 783 1029 773 988 773 970 785 939 778 908 752 885 773 855 773 837 788 796 760 768 780 711 760 691 778 665 775 616 796 565 765 547 780 529 778 491 747 453 747 417 778 332 775 320 765 302 773 281 755"/>
            </Shape>
	        <String CONTENT="l&#39;Allemagne, celle des Zorn, des Foerster, des Nippold, des" HPOS="276.0" VPOS="675.0" WIDTH="1715.0" HEIGHT="121.0"></String>
          </TextLine>
        
        
	      <TextLine ID="eSc_line_230365" BASELINE="286 824 622 824 686 829 983 826 1346 829 1379 824 1466 821 2052 821" HPOS="284.0" VPOS="775.0" WIDTH="1766.0" HEIGHT="115.0">
            <Shape>
              <Polygon POINTS="284 821 291 780 348 778 373 791 424 780 468 814 506 783 581 788 614 808 673 775 760 811 791 785 824 803 857 775 919 788 944 780 967 798 985 785 1080 793 1118 775 1208 785 1223 801 1246 783 1320 785 1338 798 1356 783 1472 793 1525 783 1551 801 1589 783 1625 798 1648 780 1722 793 1743 775 1761 788 1868 785 1917 798 1930 785 2037 780 2050 819 2042 880 1976 890 1940 878 1843 880 1822 862 1784 880 1740 860 1704 878 1597 870 1584 883 1510 872 1479 883 1456 862 1438 875 1356 872 1344 883 1226 867 1126 870 1113 880 1085 855 1047 880 1000 862 972 875 896 867 878 878 829 847 791 880 737 852 714 870 645 870 632 883 586 870 542 880 519 865 499 880 471 857 442 878 289 865"/>
            </Shape>
	        <String CONTENT="Bebel, etc. etc. a fini par être une menace et un danger pour" HPOS="284.0" VPOS="775.0" WIDTH="1766.0" HEIGHT="115.0"></String>
          </TextLine>
        
        
	      <TextLine ID="eSc_line_230372" BASELINE="289 916 471 913 1610 919 1651 913 1981 916" HPOS="286.0" VPOS="867.0" WIDTH="1692.0" HEIGHT="116.0">
            <Shape>
              <Polygon POINTS="286 913 291 883 317 888 327 878 348 888 596 880 624 896 650 880 709 875 770 893 824 867 847 885 890 885 931 906 960 880 1016 888 1059 878 1088 898 1141 875 1210 888 1228 906 1277 878 1428 888 1456 867 1477 885 1512 880 1541 896 1600 875 1630 898 1651 880 1707 883 1728 872 1789 885 1943 880 1978 913 1971 977 1935 977 1907 952 1861 975 1822 977 1797 957 1776 975 1743 977 1592 975 1571 957 1551 975 1497 983 1454 952 1425 977 1387 980 1346 977 1328 962 1287 977 1208 975 1172 952 1141 977 1100 965 1054 972 1029 949 993 980 949 967 903 975 878 954 842 980 821 972 755 983 647 952 629 965 609 962 593 947 563 975 514 967 491 977 396 977 360 949 320 975 291 967"/>
            </Shape>
	        <String CONTENT="l’Allemagne elle-même. Tout cela s’enchaîne et l’Allemagne," HPOS="286.0" VPOS="867.0" WIDTH="1692.0" HEIGHT="116.0"></String>
          </TextLine>
        
        
	      <TextLine ID="eSc_line_230366" BASELINE="291 1013 330 1021 1244 1024 1318 1021 1349 1016 1958 1016" HPOS="291.0" VPOS="972.0" WIDTH="1667.0" HEIGHT="110.0">
            <Shape>
              <Polygon POINTS="291 1013 294 985 373 985 384 975 422 1000 442 983 537 972 570 975 593 995 647 980 770 980 808 1008 844 983 893 983 911 995 926 983 1031 977 1057 1000 1077 980 1203 977 1256 993 1313 975 1582 975 1594 988 1620 975 1722 975 1753 977 1776 995 1807 972 1843 983 1950 980 1958 1016 1945 1075 1907 1072 1881 1049 1856 1072 1786 1077 1771 1062 1756 1072 1666 1070 1656 1080 1543 1072 1518 1054 1495 1072 1446 1072 1400 1049 1369 1070 1356 1062 1213 1072 1192 1054 1149 1075 1085 1057 1047 1067 1029 1049 1006 1070 967 1064 952 1077 908 1052 860 1082 798 1072 768 1049 744 1072 657 1062 634 1072 591 1054 568 1075 522 1064 491 1077 440 1052 427 1064 296 1070"/>
            </Shape>
	        <String CONTENT="quoi qu’il arrive ne peut sortir victorieuse d’une guerre" HPOS="291.0" VPOS="972.0" WIDTH="1667.0" HEIGHT="110.0"></String>
          </TextLine>
        
        
	      <TextLine ID="eSc_line_230367" BASELINE="273 1113 724 1121 985 1113 2001 1113 2155 1113" HPOS="271.0" VPOS="1057.0" WIDTH="1881.0" HEIGHT="120.0">
            <Shape>
              <Polygon POINTS="271 1111 296 1080 360 1075 394 1090 448 1072 573 1085 591 1070 668 1070 709 1088 765 1062 788 1077 857 1090 898 1075 947 1077 967 1090 993 1070 1039 1075 1077 1057 1103 1070 1123 1062 1146 1077 1177 1067 1192 1077 1346 1070 1372 1090 1400 1067 1443 1077 1500 1075 1518 1062 1541 1075 1643 1075 1661 1088 1699 1072 1745 1090 1763 1075 1996 1075 2014 1059 2048 1075 2145 1070 2152 1111 2145 1146 2099 1136 2042 1169 1937 1175 1886 1154 1866 1172 1850 1169 1825 1149 1799 1169 1571 1169 1543 1146 1492 1172 1413 1159 1387 1167 1359 1149 1341 1162 1274 1167 1249 1164 1218 1139 1136 1169 1116 1162 1077 1172 1047 1154 985 1159 957 1177 929 1164 880 1164 867 1175 832 1164 650 1172 576 1162 453 1175 432 1164 317 1172 276 1146"/>
            </Shape>
	        <String CONTENT="qui n&#39;est elle-même que le dénouement de l’abus de ses victoires." HPOS="271.0" VPOS="1057.0" WIDTH="1881.0" HEIGHT="120.0"></String>
          </TextLine>
        
        
	      <TextLine ID="eSc_line_230368" BASELINE="286 1205 348 1213 1208 1210 2059 1216" HPOS="284.0" VPOS="1164.0" WIDTH="1774.0" HEIGHT="110.0">
            <Shape>
              <Polygon POINTS="284 1203 294 1167 368 1164 381 1175 401 1169 422 1187 445 1172 517 1185 593 1169 729 1180 765 1169 880 1177 919 1167 944 1187 965 1172 1006 1172 1026 1185 1041 1172 1098 1175 1121 1164 1152 1175 1175 1167 1203 1187 1246 1169 1359 1177 1377 1167 1477 1180 1520 1167 1553 1172 1589 1200 1630 1169 1666 1169 1681 1182 1728 1172 1745 1185 1779 1172 1802 1187 1838 1172 1927 1169 1953 1180 1986 1169 2042 1172 2058 1216 2050 1264 2004 1269 1958 1264 1940 1249 1920 1267 1776 1269 1730 1256 1681 1264 1658 1249 1635 1269 1592 1267 1569 1249 1546 1267 1441 1272 1379 1256 1344 1272 1308 1262 1285 1269 1228 1246 1210 1262 1100 1269 1077 1251 1011 1267 990 1249 975 1262 903 1256 880 1272 837 1262 806 1274 778 1264 670 1264 650 1246 629 1262 570 1264 555 1251 532 1267 435 1256 343 1267 289 1251"/>
            </Shape>
	        <String CONTENT="Elle en est exactement au point qu’indiquait, il y a cent ans" HPOS="284.0" VPOS="1164.0" WIDTH="1774.0" HEIGHT="110.0"></String>
          </TextLine>
        
        
	      <TextLine ID="eSc_line_230373" BASELINE="294 1308 960 1310 1264 1310 1336 1303 1938 1303" HPOS="291.0" VPOS="1256.0" WIDTH="1646.0" HEIGHT="116.0">
            <Shape>
              <Polygon POINTS="291 1305 296 1267 486 1267 542 1285 563 1267 640 1272 655 1259 696 1272 775 1267 801 1280 954 1262 993 1290 1016 1267 1062 1256 1098 1272 1267 1262 1282 1277 1320 1264 1372 1285 1400 1264 1525 1264 1543 1280 1571 1262 1646 1269 1671 1259 1702 1269 1725 1256 1753 1269 1922 1267 1937 1300 1930 1349 1914 1359 1873 1359 1853 1341 1835 1359 1781 1361 1743 1336 1717 1361 1643 1359 1628 1346 1602 1367 1561 1356 1507 1361 1482 1338 1461 1356 1431 1361 1397 1344 1356 1364 1308 1346 1259 1372 1236 1354 1167 1361 1141 1338 1111 1364 1044 1354 1026 1364 952 1364 911 1338 880 1367 837 1356 752 1367 721 1356 642 1361 619 1341 599 1359 568 1361 537 1338 512 1361 430 1359 412 1372 358 1346 330 1361 296 1359"/>
            </Shape>
	        <String CONTENT="Benjamin Constant quand, dénonçant la folie Napoléonienne" HPOS="291.0" VPOS="1256.0" WIDTH="1646.0" HEIGHT="116.0"></String>
          </TextLine>
        
        
	      <TextLine ID="eSc_line_230369" BASELINE="286 1400 1633 1400 2025 1397" HPOS="284.0" VPOS="1354.0" WIDTH="1740.0" HEIGHT="115.0">
            <Shape>
              <Polygon POINTS="284 1397 299 1364 337 1354 384 1354 419 1377 442 1359 552 1372 578 1361 803 1361 826 1377 849 1359 888 1377 911 1359 1090 1359 1113 1377 1136 1356 1208 1359 1251 1390 1285 1359 1318 1359 1344 1382 1374 1354 1402 1364 1553 1359 1628 1374 1648 1359 1702 1359 1740 1377 1758 1361 1840 1361 1858 1377 1884 1359 2009 1361 2024 1395 2017 1459 1999 1464 1989 1454 1927 1459 1912 1448 1891 1466 1868 1454 1812 1456 1797 1469 1768 1446 1707 1466 1681 1443 1661 1459 1559 1459 1543 1446 1505 1461 1456 1438 1441 1454 1315 1461 1277 1438 1256 1456 1149 1456 1139 1466 1075 1454 1057 1438 1034 1456 995 1441 975 1456 919 1451 880 1464 865 1451 780 1459 765 1443 737 1464 637 1448 593 1456 568 1443 432 1461 407 1448 289 1456"/>
            </Shape>
	        <String CONTENT="déjà &quot;anachronique, suivant lui, il écrivait : &quot;De nos jours" HPOS="284.0" VPOS="1354.0" WIDTH="1740.0" HEIGHT="115.0"></String>
          </TextLine>
        
        
	      <TextLine ID="eSc_line_230370" BASELINE="291 1492 384 1500 1205 1500 1449 1496" HPOS="289.0" VPOS="1451.0" WIDTH="1159.0" HEIGHT="113.0">
            <Shape>
              <Polygon POINTS="289 1489 294 1461 330 1456 512 1459 540 1479 560 1461 675 1456 716 1456 737 1474 760 1451 785 1464 860 1454 880 1472 916 1454 967 1474 985 1459 1088 1454 1141 1474 1157 1459 1192 1464 1226 1454 1269 1459 1290 1477 1333 1456 1438 1454 1448 1495 1438 1551 1387 1551 1369 1533 1351 1551 1269 1559 1185 1551 1164 1530 1146 1548 1098 1551 1080 1538 1064 1553 1029 1548 1011 1559 888 1543 808 1553 788 1533 773 1548 680 1556 642 1530 619 1553 565 1561 501 1551 488 1564 465 1564 432 1546 378 1548 366 1536 291 1561"/>
            </Shape>
	        <String CONTENT="Carthage aurait tout le monde pour elle&quot;" HPOS="289.0" VPOS="1451.0" WIDTH="1159.0" HEIGHT="113.0"></String>
          </TextLine>
        
        
	      <TextLine ID="eSc_line_230374" BASELINE="576 1587 2122 1592" HPOS="576.0" VPOS="1538.0" WIDTH="1543.0" HEIGHT="90.0">
            <Shape>
              <Polygon POINTS="576 1584 581 1561 596 1553 650 1564 660 1553 698 1561 744 1551 778 1561 983 1551 1006 1571 1026 1551 1198 1551 1264 1564 1323 1553 1341 1566 1356 1556 1461 1551 1495 1553 1518 1571 1533 1556 1640 1551 1656 1566 1671 1553 1730 1559 1776 1548 1815 1553 1832 1569 1850 1551 2032 1553 2050 1541 2071 1553 2096 1538 2114 1556 2119 1589 2112 1620 1935 1620 1896 1610 1871 1625 1832 1600 1807 1620 1761 1612 1728 1628 1717 1617 1676 1620 1656 1602 1638 1617 1551 1628 1512 1602 1497 1617 1472 1615 1461 1625 1408 1602 1372 1628 1333 1610 1285 1617 1259 1594 1216 1623 1144 1623 1103 1610 1034 1623 1006 1594 980 1617 921 1623 885 1605 870 1620 780 1623 675 1620 652 1600 632 1620 593 1620 578 1607"/>
            </Shape>
	        <String CONTENT="Or aujourd&#39;hui Carthage ce n’est plus Paris seulement," HPOS="576.0" VPOS="1538.0" WIDTH="1543.0" HEIGHT="90.0"></String>
          </TextLine>
        
        
	      <TextLine ID="eSc_line_230375" BASELINE="289 1689 668 1687 780 1694 924 1694 1369 1689 2076 1681" HPOS="286.0" VPOS="1638.0" WIDTH="1787.0" HEIGHT="84.0">
            <Shape>
              <Polygon POINTS="286 1687 299 1656 332 1648 432 1651 450 1666 473 1648 568 1656 642 1646 721 1653 762 1679 788 1656 819 1648 924 1648 942 1658 965 1646 1157 1651 1195 1676 1221 1653 1254 1646 1305 1656 1344 1646 1367 1661 1392 1648 1600 1646 1648 1679 1674 1656 1717 1640 1807 1643 1830 1658 1868 1638 1886 1651 1953 1646 1996 1661 2035 1638 2065 1651 2073 1679 2065 1712 2048 1720 1996 1694 1966 1720 1937 1722 1876 1717 1830 1692 1804 1712 1786 1704 1753 1720 1722 1699 1697 1722 1661 1694 1630 1720 1587 1707 1574 1717 1553 1707 1538 1720 1512 1717 1492 1702 1459 1720 1438 1707 1418 1722 1374 1699 1349 1720 1290 1715 1264 1694 1241 1712 1203 1694 1172 1720 1134 1712 1121 1722 1108 1712 1041 1722 993 1710 949 1717 934 1704 893 1717 872 1707 849 1715 832 1699 808 1720 783 1712 770 1722 698 1710 506 1722 455 1707 440 1720 363 1715 343 1699 317 1717 291 1707"/>
            </Shape>
	        <String CONTENT="c’est Bruxelles, c’est Londres, c’est New-York, c’est toute la" HPOS="286.0" VPOS="1638.0" WIDTH="1787.0" HEIGHT="84.0"></String>
          </TextLine>
        
        
	      <TextLine ID="eSc_line_230376" BASELINE="296 1789 384 1784 1323 1784 1500 1774 1912 1774" HPOS="294.0" VPOS="1735.0" WIDTH="1615.0" HEIGHT="77.0">
            <Shape>
              <Polygon POINTS="294 1786 299 1751 312 1743 412 1745 460 1761 483 1745 540 1745 565 1758 606 1745 657 1768 678 1751 816 1751 893 1735 919 1753 960 1745 995 1761 1026 1745 1072 1740 1103 1751 1121 1740 1180 1748 1203 1766 1231 1743 1300 1751 1326 1735 1359 1751 1436 1745 1459 1766 1484 1745 1523 1743 1651 1751 1681 1740 1891 1740 1909 1771 1896 1809 1664 1809 1653 1799 1628 1809 1612 1799 1479 1812 1461 1797 1446 1812 1262 1812 1226 1809 1203 1786 1175 1812 939 1812 916 1792 896 1809 675 1809 660 1794 642 1809 588 1809 570 1792 550 1809 476 1809 455 1789 432 1809 309 1809 299 1799"/>
            </Shape>
	        <String CONTENT="terre que la caducité du régime impérial Austro-Allemand" HPOS="294.0" VPOS="1735.0" WIDTH="1615.0" HEIGHT="77.0"></String>
          </TextLine>
        
        
	      <TextLine ID="eSc_line_230371" BASELINE="286 1881 434 1883 627 1876 762 1881" HPOS="284.0" VPOS="1835.0" WIDTH="476.0" HEIGHT="67.0">
            <Shape>
              <Polygon POINTS="284 1879 296 1845 355 1848 376 1835 414 1850 491 1840 512 1861 540 1843 714 1845 732 1848 760 1879 752 1902 527 1902 512 1886 496 1899 317 1899 291 1881"/>
            </Shape>
	        <String CONTENT="prétend dominer." HPOS="284.0" VPOS="1835.0" WIDTH="476.0" HEIGHT="67.0"></String>
          </TextLine>
        
        
	      <TextLine ID="eSc_line_230377" BASELINE="573 1973 734 1981 1029 1973 1085 1978 1459 1973 2114 1973" HPOS="570.0" VPOS="1922.0" WIDTH="1542.0" HEIGHT="79.0">
            <Shape>
              <Polygon POINTS="570 1971 573 1945 599 1932 770 1935 806 1953 837 1930 872 1927 906 1943 947 1935 972 1958 995 1943 1126 1935 1149 1958 1177 1930 1228 1940 1305 1925 1374 1950 1395 1930 1436 1932 1459 1948 1474 1932 1779 1935 1802 1948 1894 1922 1922 1932 2104 1935 2112 1971 2104 1996 1879 1999 1812 1999 1794 1981 1779 1996 1564 1999 1479 1996 1461 1978 1443 1996 1395 1996 1374 1978 1356 1996 1200 2001 1162 1999 1146 1984 1121 2001 998 2001 972 1981 949 2001 901 2001 865 1986 849 1999 647 1999 637 1989 588 1999 573 1986"/>
            </Shape>
	        <String CONTENT="L&#39;issue d&#39;une aussi stupide et monstrueuse prétention" HPOS="570.0" VPOS="1922.0" WIDTH="1542.0" HEIGHT="79.0"></String>
          </TextLine>
        
        
	      <TextLine ID="eSc_line_230387" BASELINE="307 2073 1356 2073 1538 2065 2127 2063" HPOS="304.0" VPOS="2019.0" WIDTH="1820.0" HEIGHT="103.0">
            <Shape>
              <Polygon POINTS="304 2071 312 2037 358 2027 384 2040 430 2032 453 2050 476 2030 576 2045 601 2032 808 2030 852 2053 908 2022 1006 2050 1059 2027 1085 2048 1105 2032 1157 2035 1172 2048 1198 2032 1354 2035 1379 2045 1428 2030 1484 2030 1579 2042 1607 2024 1648 2030 1671 2019 1720 2032 1838 2022 1881 2037 1899 2027 2071 2027 2117 2040 2124 2060 2119 2099 2104 2106 2078 2091 2030 2101 2012 2086 1925 2096 1881 2078 1861 2094 1797 2096 1717 2081 1679 2099 1633 2081 1607 2101 1574 2083 1551 2099 1459 2094 1410 2104 1372 2081 1344 2096 1282 2096 1233 2122 1162 2091 1098 2106 1077 2096 1062 2106 1006 2081 977 2104 942 2091 885 2096 860 2081 834 2101 729 2091 652 2099 637 2112 573 2083 540 2112 524 2101 471 2112 450 2094 366 2106 348 2091 309 2099"/>
            </Shape>
	        <String CONTENT="n’est pas douteuse, même si le nombre afflux d’un monde nouveau," HPOS="304.0" VPOS="2019.0" WIDTH="1820.0" HEIGHT="103.0"></String>
          </TextLine>
        
        
	      <TextLine ID="eSc_line_230385" BASELINE="296 2170 645 2168 706 2163 1543 2165 1638 2163 1671 2158 1802 2158 1863 2152 2014 2152 2063 2158" HPOS="294.0" VPOS="2104.0" WIDTH="1766.0" HEIGHT="105.0">
            <Shape>
              <Polygon POINTS="294 2168 299 2129 360 2129 376 2142 396 2129 440 2137 465 2114 512 2145 560 2124 624 2132 645 2117 701 2155 750 2127 788 2129 806 2145 829 2124 919 2129 975 2119 1003 2137 1052 2122 1085 2129 1095 2119 1121 2137 1154 2119 1200 2119 1290 2132 1356 2127 1372 2140 1436 2114 1479 2129 1533 2127 1543 2117 1556 2127 1574 2117 1602 2124 1617 2112 1640 2132 1689 2104 1740 2135 1761 2119 1802 2122 1822 2137 1850 2119 1909 2117 1945 2135 1968 2114 2027 2122 2042 2124 2060 2155 2024 2193 1976 2193 1940 2168 1925 2183 1876 2188 1763 2188 1738 2170 1679 2199 1633 2173 1571 2188 1446 2186 1431 2199 1415 2188 1395 2193 1372 2173 1349 2193 1315 2193 1292 2176 1264 2201 1239 2201 1226 2188 1205 2199 1162 2183 1139 2191 1116 2173 1059 2209 1044 2196 1018 2206 993 2183 962 2209 942 2191 821 2191 803 2176 780 2193 688 2201 647 2188 604 2201 537 2199 517 2181 494 2193 417 2201 394 2201 373 2183 340 2199 299 2193"/>
            </Shape>
	        <String CONTENT="la race slave, ne devait pas venir se déverser sur le dos des" HPOS="294.0" VPOS="2104.0" WIDTH="1766.0" HEIGHT="105.0"></String>
          </TextLine>
        
        
	      <TextLine ID="eSc_line_230384" BASELINE="299 2260 471 2260 1067 2263 1326 2260 1410 2255 1838 2257 1881 2252 2072 2257" HPOS="296.0" VPOS="2201.0" WIDTH="1775.0" HEIGHT="100.0">
            <Shape>
              <Polygon POINTS="296 2257 309 2229 389 2227 407 2216 481 2240 529 2216 588 2232 678 2216 693 2229 778 2224 803 2240 860 2222 888 2229 903 2216 924 2227 1031 2216 1041 2227 1098 2222 1111 2232 1146 2211 1159 2222 1223 2219 1262 2242 1308 2219 1331 2229 1382 2222 1418 2250 1477 2204 1528 2227 1548 2214 1587 2224 1610 2214 1648 2229 1707 2216 1761 2237 1807 2211 1896 2216 1912 2206 1927 2216 1945 2206 1981 2214 1994 2227 2030 2201 2063 2219 2071 2255 2063 2278 2040 2283 1991 2273 1955 2288 1927 2278 1904 2291 1861 2278 1792 2291 1763 2275 1710 2293 1689 2283 1610 2283 1576 2296 1553 2283 1533 2301 1464 2291 1431 2273 1392 2298 1282 2291 1262 2273 1236 2288 985 2283 949 2296 916 2286 860 2291 837 2275 806 2298 768 2288 302 2291"/>
            </Shape>
	        <String CONTENT="armées allemandes, comprenez bien ceci, répétez-le, publiez-le" HPOS="296.0" VPOS="2201.0" WIDTH="1775.0" HEIGHT="100.0"></String>
          </TextLine>
        
        
	      <TextLine ID="eSc_line_230380" BASELINE="307 2355 596 2360 696 2352 1169 2352 1287 2360 1395 2360 1448 2352 1848 2355 2122 2344" HPOS="304.0" VPOS="2298.0" WIDTH="1815.0" HEIGHT="103.0">
            <Shape>
              <Polygon POINTS="304 2352 309 2316 348 2319 371 2337 391 2324 501 2324 519 2334 619 2321 634 2309 673 2324 721 2316 742 2334 770 2316 826 2332 875 2311 924 2321 1008 2316 1047 2337 1080 2314 1141 2329 1164 2311 1233 2311 1251 2324 1354 2309 1379 2311 1415 2342 1487 2298 1502 2311 1520 2301 1548 2316 1569 2304 1612 2319 1640 2309 1676 2319 1699 2309 1779 2311 1797 2327 1817 2314 1978 2316 1996 2306 2024 2329 2048 2311 2088 2314 2112 2324 2119 2342 2112 2368 2086 2388 2024 2365 1976 2388 1932 2375 1909 2385 1815 2385 1784 2370 1694 2388 1635 2375 1610 2393 1551 2393 1530 2380 1515 2393 1487 2373 1448 2388 1428 2370 1402 2391 1374 2378 1315 2393 1303 2383 1249 2391 1200 2378 1185 2388 1146 2370 1085 2401 1049 2380 1011 2378 952 2380 936 2393 911 2378 862 2401 829 2378 770 2388 747 2368 716 2393 678 2385 660 2396 616 2385 550 2391 519 2368 496 2385 399 2385 378 2370 343 2401 309 2391"/>
            </Shape>
	        <String CONTENT="si vous voulez ; la France, la Belgique, l’Angleterre peuvent su-" HPOS="304.0" VPOS="2298.0" WIDTH="1815.0" HEIGHT="103.0"></String>
          </TextLine>
        
        
	      <TextLine ID="eSc_line_230386" BASELINE="309 2447 1497 2452 1699 2444 2022 2439" HPOS="307.0" VPOS="2388.0" WIDTH="1712.0" HEIGHT="110.0">
            <Shape>
              <Polygon POINTS="307 2444 312 2414 386 2414 404 2429 437 2401 460 2421 552 2416 578 2434 614 2411 698 2421 747 2401 788 2421 839 2416 872 2439 939 2411 1018 2419 1116 2408 1157 2414 1177 2429 1190 2416 1256 2403 1318 2419 1428 2403 1479 2439 1515 2406 1594 2408 1635 2388 1669 2408 1689 2398 1740 2421 1789 2401 1978 2408 2012 2393 2019 2437 2004 2472 1973 2483 1935 2470 1912 2490 1868 2467 1753 2470 1740 2460 1715 2480 1687 2478 1671 2490 1661 2483 1646 2496 1610 2470 1569 2472 1541 2488 1489 2460 1459 2488 1408 2475 1328 2478 1315 2490 1223 2478 1200 2498 1169 2472 1118 2488 1064 2462 1044 2475 985 2480 898 2470 852 2490 821 2475 798 2490 762 2478 719 2493 688 2465 663 2483 619 2485 581 2472 560 2490 545 2480 422 2485 399 2465 381 2483 312 2483"/>
            </Shape>
	        <String CONTENT="bir échec sur échec, elles s&#39;y préparent, elles/s’y attendent" HPOS="307.0" VPOS="2388.0" WIDTH="1712.0" HEIGHT="110.0"></String>
          </TextLine>
        
        
	      <TextLine ID="eSc_line_230379" BASELINE="312 2549 532 2547 593 2542 1013 2542 1072 2544 1098 2549 1282 2547 1346 2542 1720 2544 1745 2539 2106 2539" HPOS="312.0" VPOS="2488.0" WIDTH="1794.0" HEIGHT="105.0">
            <Shape>
              <Polygon POINTS="312 2549 317 2513 363 2513 373 2503 391 2519 437 2513 460 2529 488 2513 547 2526 611 2508 632 2526 655 2506 680 2508 691 2498 729 2513 990 2501 1036 2513 1113 2501 1175 2524 1198 2508 1246 2508 1256 2498 1310 2508 1341 2496 1374 2524 1405 2498 1469 2508 1492 2490 1518 2511 1553 2508 1569 2521 1625 2496 1738 2496 1748 2506 1804 2498 1886 2513 1937 2496 1953 2503 1976 2488 1994 2503 2045 2493 2078 2516 2099 2516 2106 2539 2096 2557 2063 2572 1978 2577 1940 2557 1832 2572 1743 2567 1730 2577 1697 2565 1600 2580 1571 2557 1543 2580 1479 2567 1459 2580 1436 2567 1395 2590 1354 2567 1323 2570 1300 2590 1262 2560 1246 2572 1175 2562 1154 2580 1108 2570 1080 2585 1062 2577 1044 2593 1011 2572 934 2565 878 2590 824 2570 762 2570 732 2588 701 2570 650 2575 632 2560 583 2585 550 2560 522 2583 476 2577 460 2565 422 2580 317 2577"/>
            </Shape>
	        <String CONTENT="elles ne se décourageront pas ; et les armées allemandes s’épui-" HPOS="312.0" VPOS="2488.0" WIDTH="1794.0" HEIGHT="105.0"></String>
          </TextLine>
        
        
	      <TextLine ID="eSc_line_230382" BASELINE="309 2641 614 2639 673 2634 913 2634 2035 2636" HPOS="307.0" VPOS="2575.0" WIDTH="1725.0" HEIGHT="113.0">
            <Shape>
              <Polygon POINTS="307 2639 317 2611 465 2603 483 2618 509 2595 552 2611 599 2603 616 2588 634 2603 678 2611 801 2600 826 2611 852 2590 901 2608 916 2595 965 2608 1003 2590 1044 2616 1082 2590 1111 2616 1131 2598 1157 2606 1228 2595 1246 2606 1259 2595 1297 2598 1320 2618 1364 2588 1397 2618 1423 2595 1464 2585 1502 2598 1630 2598 1674 2621 1699 2598 1730 2590 1830 2595 1853 2611 1899 2588 1940 2611 1994 2575 2024 2595 2032 2634 2024 2659 1958 2664 1945 2652 1850 2652 1717 2670 1681 2644 1656 2667 1633 2657 1615 2670 1472 2657 1459 2670 1428 2670 1405 2654 1379 2677 1349 2659 1313 2680 1297 2664 1141 2664 1121 2652 1095 2667 1059 2649 1024 2680 998 2664 952 2677 893 2652 875 2667 832 2654 816 2670 757 2680 729 2667 640 2680 565 2670 540 2688 494 2657 473 2672 312 2680"/>
            </Shape>
	        <String CONTENT="seront inutilement à tuer, à bruler, à détruire, elles se dé-" HPOS="307.0" VPOS="2575.0" WIDTH="1725.0" HEIGHT="113.0"></String>
          </TextLine>
        
        
	      <TextLine ID="eSc_line_230378" BASELINE="309 2736 353 2734 606 2739 650 2731 2069 2723" HPOS="307.0" VPOS="2680.0" WIDTH="1761.0" HEIGHT="97.0">
            <Shape>
              <Polygon POINTS="307 2734 314 2682 373 2703 412 2690 453 2705 527 2695 552 2718 611 2680 650 2705 696 2698 721 2716 768 2680 821 2703 885 2700 911 2680 942 2705 983 2690 1034 2713 1070 2685 1105 2700 1126 2693 1159 2718 1190 2695 1269 2695 1285 2682 1344 2713 1367 2690 1420 2703 1451 2690 1658 2695 1715 2680 1740 2693 1861 2693 1884 2708 1904 2690 1966 2682 1991 2700 2017 2685 2060 2682 2068 2721 2058 2754 2019 2757 1996 2739 1971 2757 1907 2754 1881 2739 1850 2767 1822 2769 1812 2759 1779 2767 1763 2757 1743 2767 1730 2754 1653 2762 1597 2741 1512 2777 1474 2754 1392 2777 1351 2744 1318 2764 1297 2757 1262 2772 1167 2754 1141 2764 1057 2764 1031 2752 965 2762 947 2749 916 2764 857 2757 834 2767 793 2759 780 2769 739 2769 721 2754 637 2769 573 2762 560 2772 542 2759 501 2769 455 2762 437 2775 422 2764 399 2775 371 2759 312 2762"/>
            </Shape>
	        <String CONTENT="truiront elles mêmes à la fin. Notre tactique nationale est de" HPOS="307.0" VPOS="2680.0" WIDTH="1761.0" HEIGHT="97.0"></String>
          </TextLine>
        
        
	      <TextLine ID="eSc_line_230383" BASELINE="296 2833 330 2831 371 2828 1564 2831 1689 2823 2053 2821 2094 2813" HPOS="294.0" VPOS="2767.0" WIDTH="1797.0" HEIGHT="105.0">
            <Shape>
              <Polygon POINTS="294 2831 299 2800 332 2787 343 2798 391 2792 409 2808 430 2790 529 2795 547 2782 568 2795 624 2798 645 2780 693 2805 724 2780 783 2790 798 2777 834 2800 852 2785 995 2785 1036 2800 1090 2782 1103 2790 1126 2775 1146 2792 1185 2790 1200 2803 1233 2777 1249 2787 1267 2782 1287 2800 1310 2785 1367 2798 1384 2785 1431 2782 1484 2800 1505 2782 1553 2787 1576 2767 1605 2785 1638 2782 1658 2800 1715 2772 1748 2790 1804 2785 1825 2800 1850 2785 1909 2782 1937 2800 1978 2777 1996 2787 2032 2777 2083 2792 2091 2810 2083 2844 2045 2854 1963 2851 1937 2833 1920 2849 1868 2856 1825 2839 1763 2862 1745 2851 1694 2854 1679 2841 1656 2859 1640 2849 1612 2862 1592 2851 1556 2867 1487 2839 1438 2862 1405 2862 1372 2841 1326 2859 1290 2839 1256 2864 1213 2849 1141 2869 1118 2849 1057 2864 1018 2849 855 2869 824 2846 793 2856 701 2851 686 2864 647 2862 632 2849 606 2864 550 2854 522 2867 478 2854 424 2872 368 2854 317 2859 299 2844"/>
            </Shape>
	        <String CONTENT="les prendre à leur propre pi ège et de les us€s€er. Mais que sera-" HPOS="294.0" VPOS="2767.0" WIDTH="1797.0" HEIGHT="105.0"></String>
          </TextLine>
        
        
	      <TextLine ID="eSc_line_230381" BASELINE="305 2926 1589 2923 2096 2915" HPOS="304.0" VPOS="2867.0" WIDTH="1790.0" HEIGHT="107.0">
            <Shape>
              <Polygon POINTS="304 2923 309 2877 322 2872 384 2908 412 2885 432 2895 509 2890 529 2908 568 2880 609 2905 632 2885 683 2892 698 2882 739 2897 783 2874 819 2890 903 2882 962 2895 1008 2872 1026 2887 1052 2874 1070 2890 1093 2882 1136 2895 1190 2874 1226 2887 1246 2869 1295 2897 1320 2880 1438 2890 1459 2905 1479 2887 1523 2880 1536 2890 1669 2887 1679 2877 1761 2885 1792 2867 1822 2885 2053 2885 2094 2913 2086 2961 2053 2967 1971 2946 1904 2959 1891 2951 1881 2961 1840 2946 1820 2959 1774 2941 1687 2949 1633 2969 1602 2949 1551 2961 1530 2951 1492 2959 1459 2936 1433 2954 1356 2964 1295 2938 1256 2964 1198 2951 1169 2961 1149 2949 1128 2964 1098 2961 1059 2941 1008 2964 983 2944 962 2959 911 2956 893 2972 855 2954 826 2964 768 2956 747 2974 727 2959 693 2964 670 2946 606 2961 547 2956 527 2938 501 2954 435 2961 399 2959 384 2946 325 2961 309 2949"/>
            </Shape>
	        <String CONTENT="ce jour où l&#39;inondation de la race slave s’avançant inexorable," HPOS="304.0" VPOS="2867.0" WIDTH="1790.0" HEIGHT="107.0"></String>
          </TextLine>
        </TextBlock>
        
      </PrintSpace>
    </Page>
  </Layout>
</alto>
