2304 3072
916.0 10.0 184.0 102.0 - 2 -

235.0 140.0 1764.0 141.0 puissant devant les combats meurtriers engagés en Belgique

250.0 266.0 1751.0 118.0 et sur nombre de points de notre frontière de l'Est et du

235.0 366.0 1777.0 115.0 Nord, en attendant les grandes batailles et les hécatombes

256.0 468.0 1807.0 113.0 qui s’annoncent. Je suis tout à la pensée de ces calamités

266.0 570.0 1805.0 110.0 effroyables et volontairement déchaînées : tant d’existences

235.0 665.0 1900.0 120.0 précieuses et déjà fauchées ou condamnées ; tant de deuils évi-

248.0 762.0 1917.0 121.0 tables qu'on ne peut plus, qu'on ne veut plus éviter ! Il n'y a

256.0 872.0 1812.0 111.0 pas en France une seule famille qui n'ait donné sans hésiter

240.0 972.0 1884.0 105.0 tous ses enfants en âge de combattre pour repousser l’envahis-

256.0 1072.0 1868.0 108.0 seur. Notre ami Charles Richet, à lui seul, a ses quatre fils

258.0 1172.0 1743.0 110.0 et son gendre aux avant-postes : Prudhommeaux, Godart sont

245.0 1264.0 1887.0 128.0 partis des premiers: à Créans mes neveux, mon gendre, tous les

248.0 1372.0 1846.0 110.0 hommes de vingt à quarante huit ans sont partis, sauf un seul

245.0 1472.0 1838.0 110.0 qui va partir ; et cependant leur absence librement consentie

266.0 1574.0 1735.0 113.0 n’arrête aucun travail; dans toutes les Communes, tous les

261.0 1671.0 1725.0 115.0 hameaux de toutes la France, les femmes, les enfants, les

238.0 1766.0 1863.0 110.0 hommes au-dessus de quarante huit ans se sont chargés de sup-

243.0 1873.0 1871.0 113.0 pléer à ceux qui manquent et, avant tout, de poursuivre la ré-

245.0 1966.0 1741.0 117.0 colte que je vois déjà achevée, comme au temps normal !!!

268.0 2068.0 1744.0 115.0 Grâce à cette coopération unanime et spontanée de toute la

245.0 2160.0 1849.0 120.0 nation agissant avec une énergie centuplée, tout ce qui/me pa-

245.0 2268.0 1838.0 112.0 raissait à moi-même irréalisable s’est simplifié ; nos trans-

268.0 2365.0 1751.0 118.0 ports, dont j’ai tant de fois dénoncé la faiblesse en temps

266.0 2467.0 1705.0 110.0 de paix, sont devenus incomparables ! Les automobiles par

266.0 2565.0 1776.0 120.0 centaines de mille volent à la frontière et rivalisent avec

258.0 2664.0 1930.0 113.0 les aéroplanes pour rendre plus dangereux aux allemands l’entrée

248.0 2764.0 1876.0 110.0 de notre territoire ; les mines, les torpilles, les sous-marins

273.0 2859.0 1818.0 131.0 s’apprêtent à réduire au rôle ridicule que j’ai toujours pré-
