2304 3072
721 171 213 95 - 10 -

179 299 1825 128 nuit. Un personnel à peine assez nombreux, en partie volontaire

186 407 1841 120 les seconds dans la besogne ingrate de l’intendance, de la phar-

186 509 1749 107 macie, de l’administration ; c’est tout un monde qui pourrait

197 599 1774 125 être ému, déprimé devant des spectacles toujours lamentables:

199 691 1800 125 songez que j’ai vu de jeunes blessés de 10 ans, de 16 ans même

189 793 1707 123 qu'on croyait perdus ; l’un n’était qu’un enfant, son regard

197 888 1815 123 sembler refléter encore celui de sa mère ; il avait les méninges

209 977 1772 128 traversées d’une balle ; d’autres avaient le pied, ou le genou

194 1077 1754 123 ou l’intestin perforé ; un autre arrivait avec la cuisse fra-

209 1175 1759 122 cassée et depuis cinq jours enfermée dans un mauvais appareil

220 1277 1740 123 de plâtre, les vers dans la plaie! On les a sauvés à force de

197 1364 1853 120 volonté, de bonté. J'ai vu les généreuses créatures qui les soi-

209 1461 1777 123 gnaient pleurer en cachette, pensant que leurs fils, leurs ma-

215 1556 1707 133 ris, leurs frères étaient peut-être, eux aussi, dans quelque

204 1651 1790 138 hôpital; trop heureuses quand elles pouvaient en avoir la cer-

204 1738 1833 133 titude, tandis que tant d’autres attendent depuis deux mois sans

217 1835 1772 138 rien savoir, avec ce seul mot de réponse officielle ; disparu!

240 1925 1767 140 Pour quelques uns que nous enterrons, ou dont la convalescence

227 2019 1833 139 sera longue, ou qu’il faudra classer comme amputés ou incurables

225 2117 1702 133 un grand nombre de nos blessés repartent, guéris, fortifiés.

535 2204 1484 138 C’est peut-être le souvenir de Créans qui nous reste-

227 2304 1759 143 ra le plus cher ; ce départ des blessés que nous avons soignés

248 2391 1720 151 pendant des semaines et qui tous s'étaient attachés à la mai-

261 2488 1743 133 son comme des enfants. Les renvoyer déjà pour retourner au feu

248 2567 1779 154 et, sans doute, tomber de nouveau, pour toujours peut-être, c’est

235 2659 1797 151 dûr, c’est une véritable offrande de la vie à la mort. Et cepen-

248 2757 1656 158 dant personne n'hésite. Partout arrivent les avertissements

263 2864 1680 146 funèbres ; on a beau cacher les nouvelles, elles finissent par
