2304 3072
834 53 187 108 - 6 -

235 171 1882 174 sait qu’elle l'a voulue, qu’elle n'a jamais cessé d’y pousser.

227 291 1815 149 Tous ses efforts pour nuire se retournent, une fois de plus,

222 407 1890 143 contre elle. A la Flèche, c’est une assez vilaine comédie soi-

240 512 1869 133 disant patriotique, mais percée à jour ; la vieille réaction ne

230 622 1818 117 voit dans la guerre qu’une campagne électorale ; elle en pro-

248 716 1853 121 fite pour m’outrager, (voyez les journaux ci-joints ) dans l’es-

225 816 1925 120 poir de me discréditer et de m’attirer le plus possible de désa-

238 919 1881 133 gréments ; elle me dénonce comme l’ami de l’Allemagne ; elle vou-

222 1021 1828 115 drait voir brûler Créans comme un refuge de tous les ennemis

227 1116 1933 128 de la France ; elle me condamne à mort dans ses cafés et dans ses

238 1218 1866 126 cercles ; elle inquiéte jusqu’à mes amis, en colportant des his-

248 1320 1741 113 toires d’espion, en signalant mes relations avec l’Empereur

238 1415 1812 118 d'Allemagne à qui j’aurais fait prêter deux milliards !!! par

263 1518 1802 117 Carnegie !! etc. etc. Tout cela finalement ne touche que les

250 1615 1759 120 sots et les médisants ; le peuple, la foule de ceux qui sont

240 1715 1818 110 maintenant dévoués à ma politique, à notre politique, restent

240 1812 1877 113 plus fid èles que jamais ; ils se taisent, attendent la fin de la

248 1912 1728 115 guerre et sachant très bien qu'en fait ce qui est en cause

240 2009 1838 115 ce n’est pas tant l’Allemagne que la réaction allemande, l'Em-

248 2104 1835 112 pire Allemand, le militarisme allemands ; sachant aussi que si

245 2204 1744 107 cette réaction allemande avait pu être abattue plus tôt, la

250 2304 1808 104 guerre n'aurait pas été déchainée. Ainsi, loin d'être aveugle,

258 2396 1738 102 l'opinion s’éveille à la vérité. Ce qui fait la grandeur et,

235 2485 1784 113 pour tout dire, hèlas, la beauté de cette guerre atroce c’est

245 2585 1219 115 qu’elle est une guerre d’affranchissement.

545 2675 1587 112 Les hobereaux de Berlin une fois réduits à l'impuissan-

240 2769 1805 116 ce, ceux de Paris, de la Flèche et de partout verront leur do-

250 2869 1800 139 mination, déjà bien atteinte, réduite à néant. Profitons de ce
