2304 3072
778.0 130.0 164.0 87.0 - 4 -

576.0 240.0 1413.0 131.0 Je voudrais avoir des nouvelles de votre odyssée

276.0 350.0 1789.0 123.0 sur le "Principe d’Udine". Je compte bien que vous/m’écrirez.

276.0 455.0 1528.0 118.0 J'ai prévenu Herrick, Hirst. Weardale, etc.........

581.0 540.0 1451.0 125.0 Je €compt€ vous écrirai la lettre que je vous avais

284.0 637.0 1799.0 138.0 annoncée, mais un autre jour ; je suis trop absorbé par mes de-

299.0 742.0 1720.0 123.0 voirs immédiats de représentant du pays pour vous parler de

307.0 824.0 1892.0 148.0 l’avenir, dont de suis bien loin, certes, de désespérer. Indépen-

309.0 929.0 1803.0 138.0 damment de Créans, où ma femme et ceux des nôtres qui sont ve-

294.0 1026.0 1743.0 141.0 nus se rassembler sous notre toit remplissent leur fonction

304.0 1121.0 1687.0 141.0 d’assurer la vie à tout ce qui n'est pas sur les/champs de

1013.0 1218.0 95.0 56.0 à

302.0 1221.0 1769.0 140.0 bataille, ma présence est/tout instant nécessaire à clermont

294.0 1313.0 1835.0 143.0 à la Flèche, dans les communes voisines et au Mans, partout où

304.0 1418.0 1836.0 135.0 nous avons à organiser le travail, les secours, les transports

307.0 1512.0 1853.0 146.0 les soins, les logements, les ravitaillements. Mon fils Paul se

314.0 1615.0 1744.0 130.0 partage entre ses fonctions de chauffeur et d’ambulancier à

309.0 1704.0 1782.0 141.0 La Fl èche ; j’espère que sa volonté n'excèdera pas ses forces:

307.0 1804.0 1835.0 149.0 ma fille, à peine convalescente, fait également son devoir ; de

304.0 1907.0 1718.0 135.0 même ma belle-fille aux ambulances de Paris ou de l’armée ;

317.0 2001.0 1766.0 141.0 nous n’avons plus de ses nouvelles. J'ai encore Victor Lepê-

314.0 2091.0 1808.0 141.0 cheux à La Flèche et, momentanément, François à Créans : Puech

325.0 2193.0 1769.0 139.0 en raison de sa faible constitution, comme Jaudon, restent à

335.0 2301.0 1782.0 136.0 Paris et assurent, avec Mademoiselle Peylade, le service bien

325.0 2391.0 1851.0 143.0 réduit de notre Bureau de la rue Pierre Curie. Il est essentiel

335.0 2488.0 1695.0 141.0 que notre organisation survive à la guerre ; elle sera plus

327.0 2583.0 1825.0 140.0 nécessaire que jamais ; on ne reconnaîtra que trop la nécessité

327.0 2680.0 1792.0 136.0 de reprendre notre oeuvre d'éducation, mais en ce moment elle

335.0 2785.0 1761.0 130.0 doit être infiniment réservée, sous peine d'être inopportune

337.0 2895.0 487.0 107.0 et inadmissible.
