2304 3072
911.0 81.0 156.0 98.0 - 2 -

309.0 227.0 1884.0 116.0 Mes modestes fonctions de maire de Clérmont-Créans qui absorbent

317.0 335.0 1864.0 113.0 en ce moment la plus grande part de mon activité, me permettent

320.0 437.0 1868.0 105.0 de bien juger la situation, chaque maire étant chargé d’assurer

304.0 542.0 1848.0 100.0 à jour fixe, en plus des subsistances locales et des réserves,

312.0 640.0 1876.0 97.0 l'envoi régulier aux armées des bestiaux, des grains, des foins

314.0 739.0 1841.0 103.0 nécessaires ; c’est un travail énorme dont je ne me faisais pas

304.0 837.0 1761.0 102.0 une idée, mais que chacun poursuit avec joie. Après la ré-

314.0 929.0 1685.0 107.0 colte, les labours, les vendanges, les semailles se font,

314.0 1036.0 1739.0 98.0 partout où les prussiens n’ont pas pénétré, comme en temps

307.0 1136.0 1746.0 100.0 normal. Nous hospitalisons dans chaque commune voisine du

322.0 1226.0 1769.0 107.0 chemin de fer ou du tramway les soldats blessés, chacun dans

304.0 1320.0 1767.0 118.0 une famille, aimé, soigné, comme un enfant ; de même les ré-

309.0 1425.0 1882.0 111.0 fugiés belges, dépouillés de tout, dispersés par milliers comme

314.0 1528.0 1808.0 105.0 des Bulgares par les Turcs, chassés de leurs foyers détruits,

320.0 1628.0 1812.0 97.0 les mères sans nouvelles de leurs enfants, de leurs maris, de

322.0 1728.0 1772.0 107.0 leurs fr ères, tous pleins d’énergie quand même et presque de

322.0 1825.0 1736.0 102.0 gaité, à la pensée de voir repousser les soldats prussiens.

317.0 1917.0 1628.0 110.0 En même temps les convois anglais sillonnent nos routes,

322.0 2017.0 1743.0 105.0 s’arrêtent à Clermont-Créans! O miracle ; je vois parmi mes

322.0 2117.0 1669.0 105.0 compatriotes, les pires chauvins, ceux qui me souhaitent

320.0 2214.0 1710.0 113.0 ouvertement le sort de Jaurès, ceux qui me combattaient en

330.0 2311.0 1646.0 105.0 1900 aux cris de "Fachoda" ou "Chicago", se presser à la

327.0 2398.0 1744.0 115.0 rencontre des soldats anglais, pour les aider, les acclamer,

325.0 2503.0 1763.0 105.0 et les fleurir, dans ce pays tout plein encore des souvenirs

325.0 2600.0 1623.0 103.0 et des ruines de la guerre de cent ans!! C'est que les

314.0 2690.0 1800.0 128.0 troupes anglaises défendent, elles aussi, le territoire de la

314.0 2790.0 1759.0 128.0 liberté, le leur comme le nôtre, comme le vôtre ; c’est là ce
