2304 3072
921 38 192 82 - 7 -

256 222 1899 115 C’est du reste le syst ème classique de nos adversaires ; ne les

110 309 2002 128 ai-je pas toujours entendus, dans mes luttes de la politique inté-

107 427 2086 118 rieure, me reprocher, quand je les attaquais, d’attaquer la France !

112 537 2125 113 alors que je la défendais contre eux. Il €c€en est de même des adversai-

99 642 2002 108 res de nos idées en Allemagne ; ils généralisent et dénaturent nos

112 744 1971 139 accusations afin d’entraîner à leur suite tous leurs compatriotes

110 857 540 97 sans distinction.

286 939 1910 113 Ne nous lassons pas de dénoncer ces manœuvres que nous connais-

156 1044 1927 113 sons depuis trop longtemps, mais qui n’en font pas moins illusion

133 1152 850 104 aujourd’hui plus que jamais.

266 1236 1846 113 Je me souviens qu’il y a deux ans, vers cette époque, au con-

128 1338 2035 113 grès de Heidelberg, je me suis volontairement exposé à de vives cri-

143 1438 2040 118 tiques allemandes en apportant hautement mon plaidoyer pour l’Alsace

163 1546 2002 112 Lorraine ; mais ce même jour je me suis exposé à des critiques fran-

153 1638 2010 113 çaises non moins vives en évoquant "les ruines accusatrices" que je

153 1735 2066 115 voyais se dresser devant moi et rappeler apr ès deux si ècles les pires

168 1830 1967 118 excès de nos campagnes du Palatinat! Depuis lors les Allemands ont

153 1927 2135 121 eu plus que leur part de vengeance et de représailles ; et il me semblait

166 2040 1969 102 que c'était assez, que c’était fini, que tout ce sang, ce feu, ces

163 2129 1989 105 crimes, ces ruines avaient fait leur preuve d’impuissance...... Et

174 2229 2094 103 aujourd hui, quand je vois le militarisme allemand recommencer, retom-

171 2327 2099 105 ber plus bas que jamais dans la honte, il me faudrait garder le silence,

186 2411 2059 115 ménager la susceptibilité des ames sensibles ; non, cela est impossible.

161 2513 2009 113 Il faut que les Allemands apprennent par leurs anciens amis éprouvés

194 2611 2007 107 des autres pays que leur Gouvernement les trompe, qu’il a manqué à sa

174 2708 2014 97 parole, déchiré les traités, violé toutes les lois internationales et

176 2803 1989 115 humaines, et qu’il y a dans le monde des consciences impartiales ré-
