2304 3072
934.0 51.0 154.0 79.0 - 4 -

309.0 128.0 1895.0 138.0 bilisée avec la nation armée ; spectacle admirable, unique. L'Em

322.0 243.0 1882.0 120.0 pire Allemand ne se doute pas que son agression stupide, sa vio-

309.0 345.0 1884.0 128.0 lation barbare des droits et des traités ont soulevé contre lui

320.0 450.0 1751.0 123.0 tous les hommes libres de l’Europe. La résistance de Li ège

320.0 555.0 1789.0 120.0 prouve ce que nous avons dit tant de fois ; que la paix labo-

320.0 652.0 1804.0 126.0 rieuse, loin d’amollir les courages, les exalte et peut tenir

343.0 750.0 1722.0 117.0 le militarisme en échec ; dans toute la Belgique, comme dans

355.0 852.0 1800.0 110.0 toute la France, comme en Suisse, en Danemark, en Hollande, en

337.0 949.0 1874.0 113.0 Norvège, etc., le sentiment d'un devoir sacré s'est répandu com-

332.0 1041.0 1787.0 116.0 me un irrésistible incendie ; c’est la guerre sainte qui s'or-

340.0 1149.0 1787.0 105.0 ganise avec le secours du progr ès scientifique le plus redou-

330.0 1249.0 1751.0 102.0 table ; partout on entend prononcer ces mots ; " La Prusse ne

350.0 1346.0 1746.0 113.0 fera pas de nous une nouvelle Alsace-Lorraine ! Elle ne nous

340.0 1438.0 1836.0 115.0 prendra pas malgré nous; Quelle morale et quel chatiment de la €c€

340.0 1538.0 282.0 102.0 conquête !

642.0 1630.0 1487.0 115.0 Et quand on pense que la seule Serbie, d’autre part,

350.0 1733.0 1797.0 110.0 bien qu’épuisée par deux guerres atroces, suffit à tenir l'Im-

345 1825 1843 112 périale Autriche en échec ; quand on voit l'Italie rester neutre

332.0 1927.0 1782.0 110.0 et, en réalité, hostile à l'Autriche, la Russie ouvrir lente-

340.0 2027.0 1751.0 108.0 ment, inexorablement son réservoir d’hommes et de ressources

350.0 2119.0 1792.0 108.0 et d’énergies innombrables sur la frontière orientale de l'Al-

337 2222 1844 99 lemagne, on se demande si vraiment les pangermanistes allemands

343.0 2309.0 1725.0 117.0 n’auront pas été pour leur pays le véritable fléau de Dieu;

343.0 2411.0 1812.0 108.0 ils ont isolé leur patrie que les Goethe, les Kant, les Beetho-

350.0 2503.0 1726.0 108.0 ven avaient faite si humaine, si grande, et qui ne demandait

360.0 2600.0 1700.0 113.0 qu’à vivre et à prospérer, pour la livrer à l'éxécration du

360 2693 1754 112 monde. Il en a été de même jadis pour la France , quand elle

340 2790 1748 87 a cédé aux influences chauvines ; aujourd'hui elle a d’autant
