2304 3072
778.0 76.0 179.0 100.0 - 3 -

243.0 192.0 1810.0 156.0 bases plus précises et plus solides que par le passé, avec les

263.0 309.0 1838.0 131.0 sanctions ou tout au moins le maximum de précautions nécessaires

258.0 407.0 1766.0 128.0 dans une Europe fédérée. Tout ce que nous avons ébauché à la

250.0 514.0 1657.0 126.0 Haye, loin d'être perdu, servira d’assises à l’édifice de

256.0 609.0 798.0 110.0 cette fédération pacifique.

565.0 714.0 1485.0 110.0 Sur ces trois points on peut prévoir unanimité pres-

263.0 798.0 1769.0 123.0 que compl ète ; mais la division commencera quand il s’agira de

258.0 901.0 1649.0 112.0 distinguer entre l’Allemagne et l’Empire, entre le peuple

266.0 998.0 1779.0 110.0 allemand qui a le droit de vivre et l’Empire allemand qui fai-

263.0 1098.0 1756.0 105.0 sait obstacle au droit de vivre ; la division commencera quand

256.0 1190.0 1699.0 107.0 on verra les uns réclamer l’humiliation de l’Allemagne, les

256.0 1285.0 1748.0 110.0 autres la ruine de l’Allemagne, peut-être même le partage de

263.0 1384.0 1746.0 100.0 ses colonies, de ses dépouilles. Dans cette voie, la France

263.0 1479.0 1813.0 105.0 qui a défendu la paix défendra, j’en suis sûr, aussi la justice

268.0 1571.0 1833.0 108.0 mais la justice ne triomphera pas non plus sans peine. Et c’est

266 1669 1794 105 alors que les Etats-Unis rendront grand service, si les Etats-

256.0 1766.0 1689.0 100.0 Unis ont conservé, comme on l’a vu dans la crise Mexicaine

263.0 1861.0 1697.0 105.0 si décisive, leur autorité morale et leur désintéressement.

552.0 1950.0 1406.0 113.0 Dans les extraits de journaux américains que vous

273.0 2042.0 1647.0 118.0 m’avez envoyés j’ai lu, avec une inquiétude que vous aurez

266.0 2142.0 1787.0 118.0 peut-être partagée, un article inspiré de cet état d’esprit qu'

258.0 2237.0 1859.0 120.0 après tout les Etats-Unis seraient "les bénéficiaires de la guer-

250 2332 1739 128 re Européenne:; on démontre en effet très facilement que les

276.0 2429.0 1708.0 118.0 Etats-Unis profiteront de la guerre pour enlever au commerce

284.0 2524.0 1661.0 115.0 allemand sa clientèle dans les trois Amériques, etc. etc. .

276 2618 1539 113 C'est un raisonnement dangereux qui n’est pas nouveau.

565.0 2705.0 1406.0 116.0 Si la guerre a conservé tant de partisans tenaces,

273.0 2792.0 1767.0 149.0 cela tient à ce qu’elle répond au tempérament de bien des gens
