<?xml version="1.0" encoding="UTF-8"?>
<alto xmlns:xsi="http://www.w3.org/2001/XMLSchema-instance"
	  xmlns="http://www.loc.gov/standards/alto/ns-v4#"
	  xsi:schemaLocation="http://www.loc.gov/standards/alto/ns-v4# https://gitlab.inria.fr/scripta/escriptorium/-/raw/develop/app/escriptorium/static/alto-4-1-baselines.xsd">
  <Description>
	<MeasurementUnit>pixel</MeasurementUnit>
	<sourceImageInformation>
	  <fileName>P1110424.JPG</fileName>
	</sourceImageInformation>
  </Description>
  <Layout>
    <Page WIDTH="2304" HEIGHT="3072" PHYSICAL_IMG_NR="14" ID="eSc_dummypage_">
      <PrintSpace HPOS="0" VPOS="0" WIDTH="2304" HEIGHT="3072">
        
        <TextBlock ID="eSc_dummyblock_">
	      <TextLine ID="eSc_line_349457" BASELINE="801 71 998 71" HPOS="801" VPOS="17" WIDTH="192" HEIGHT="100">
            <Shape>
              <Polygon POINTS="801 71 819 35 860 40 883 17 919 33 934 20 949 30 980 25 993 38 993 117 934 117 919 102 888 117 857 89 834 99 806 84"/>
            </Shape>
	        <String CONTENT="- 5 -" HPOS="801" VPOS="17" WIDTH="192" HEIGHT="100"></String>
          </TextLine>
        
        
	      <TextLine ID="eSc_line_349458" BASELINE="202 202 386 207 496 220 570 217 675 227 770 227 865 240 960 238 1054 253 1164 248 1233 256 1510 261 1689 271 1940 268 2060 281 2091 276" HPOS="199" VPOS="145" WIDTH="1889" HEIGHT="185">
            <Shape>
              <Polygon POINTS="199 199 215 158 302 158 320 168 350 153 378 171 412 148 448 163 471 151 522 174 537 161 576 176 616 176 668 145 693 151 732 184 778 174 793 186 806 176 821 192 849 171 911 202 980 186 990 199 1011 194 1024 204 1136 179 1167 194 1246 192 1280 166 1328 207 1377 186 1448 222 1515 186 1574 174 1666 227 1692 212 1717 230 1802 217 1845 235 1904 207 1948 245 1978 220 2004 215 2027 232 2048 217 2083 240 2088 273 2078 320 2055 314 2024 327 1989 309 1950 330 1902 294 1873 312 1809 296 1753 312 1702 302 1681 312 1656 302 1633 314 1617 304 1587 314 1553 307 1528 327 1489 296 1413 307 1392 289 1344 289 1328 302 1287 286 1231 286 1169 304 1136 286 1070 296 1041 276 983 294 942 273 896 284 872 268 806 273 780 291 721 256 655 276 627 253 583 273 519 240 455 253 422 276 355 248 258 235 222 243 202 225"/>
            </Shape>
	        <String CONTENT="ont donné tort, depuis 44 ans, à cette politique qui n'a même" HPOS="199" VPOS="145" WIDTH="1889" HEIGHT="185"></String>
          </TextLine>
        
        
	      <TextLine ID="eSc_line_349459" BASELINE="207 320 355 320 491 332 606 330 709 343 821 340 936 353 1103 350 1405 360 1510 368 1536 373 1971 371 2030 378 2099 378" HPOS="204" VPOS="268" WIDTH="1892" HEIGHT="159">
            <Shape>
              <Polygon POINTS="204 320 212 281 245 271 307 268 350 289 401 279 450 294 504 281 532 291 568 271 599 294 660 289 716 307 732 294 773 294 798 314 837 294 906 286 944 312 972 302 1000 314 1024 296 1062 325 1108 304 1126 322 1164 314 1182 327 1233 307 1249 317 1287 312 1315 327 1377 312 1395 325 1420 317 1451 343 1533 325 1561 345 1584 330 1656 335 1692 307 1776 348 1843 325 1861 337 1879 325 1932 327 1940 337 2022 327 2083 343 2096 376 2081 424 2014 407 1984 427 1896 404 1848 424 1832 412 1799 422 1771 399 1728 409 1689 401 1653 422 1589 399 1561 414 1536 401 1423 409 1410 399 1392 409 1356 396 1308 414 1287 399 1216 386 1167 396 1154 389 1118 409 1077 391 1047 401 1016 384 949 389 883 373 801 391 783 373 750 368 675 378 652 396 632 376 563 363 532 363 514 376 399 353 291 371 250 348 230 360 207 353"/>
            </Shape>
	        <String CONTENT="plus un prétendant déclaré ; peu importe, on espère quand même" HPOS="204" VPOS="268" WIDTH="1892" HEIGHT="159"></String>
          </TextLine>
        
        
	      <TextLine ID="eSc_line_349460" BASELINE="212 430 256 430 289 435 532 445 614 442 698 445 819 455 998 453 1031 460 1111 465 1367 463 1397 468 1525 476 1879 473 1909 478 2042 486 2081 478" HPOS="209" VPOS="384" WIDTH="1869" HEIGHT="151">
            <Shape>
              <Polygon POINTS="209 427 215 386 273 389 294 404 317 386 368 399 445 384 483 417 527 391 581 412 611 394 657 407 747 401 770 414 796 396 819 414 896 424 916 407 954 407 1008 424 1026 412 1054 422 1088 414 1108 430 1136 409 1177 401 1203 424 1228 412 1269 430 1303 417 1341 437 1410 414 1456 435 1528 437 1559 422 1617 419 1651 448 1674 430 1735 445 1768 427 1807 440 1845 427 1889 450 1922 424 1948 440 1966 427 2017 445 2073 440 2078 476 2071 519 1909 519 1889 506 1832 535 1799 512 1768 527 1702 506 1594 504 1574 519 1510 509 1484 522 1423 499 1344 494 1280 514 1236 491 1223 501 1177 491 1121 504 1064 486 1026 501 977 491 947 501 911 483 696 488 627 476 611 486 591 471 509 476 486 463 460 481 427 465 396 476 355 465 279 471 215 450"/>
            </Shape>
	        <String CONTENT="un recul de l&#39;opinion, si on pouvait descendre au fond de ces" HPOS="209" VPOS="384" WIDTH="1869" HEIGHT="151"></String>
          </TextLine>
        
        
	      <TextLine ID="eSc_line_349461" BASELINE="227 535 330 542 360 547 509 545 678 558 842 555 944 568 1326 565 1384 576 1469 578 1687 576 1771 583 1812 591 1866 586 2094 586 2195 591" HPOS="225" VPOS="478" WIDTH="1968" HEIGHT="162">
            <Shape>
              <Polygon POINTS="225 532 230 478 294 504 371 509 412 494 435 506 460 501 486 522 555 504 693 517 752 506 798 522 821 504 839 517 936 522 949 532 1067 524 1085 514 1100 527 1157 529 1213 509 1239 529 1269 512 1295 512 1344 535 1361 524 1415 535 1459 514 1512 537 1530 527 1546 540 1607 537 1623 550 1653 529 1712 542 1751 522 1804 540 1953 537 2017 560 2068 542 2109 550 2132 540 2186 555 2193 588 2186 614 2145 634 2083 619 2065 632 2058 624 1996 640 1955 616 1879 622 1827 606 1799 624 1786 616 1761 637 1740 619 1712 632 1692 619 1643 629 1600 606 1543 616 1512 606 1489 616 1433 601 1364 614 1346 601 1295 614 1277 601 1157 606 1126 596 1100 611 1062 609 1029 591 983 604 947 596 929 609 865 588 808 599 788 583 727 599 655 578 558 578 512 599 481 573 458 588 435 573 412 583 371 570 325 583 230 573"/>
            </Shape>
	        <String CONTENT="âmes qui n’en sont pas, on y verrait que leur secret désir c’est" HPOS="225" VPOS="478" WIDTH="1968" HEIGHT="162"></String>
          </TextLine>
        
        
	      <TextLine ID="eSc_line_349462" BASELINE="222 650 478 647 588 660 793 657 883 660 983 670 1203 668 1287 670 1402 680 1676 678 1827 691 2160 691" HPOS="222" VPOS="599" WIDTH="1938" HEIGHT="140">
            <Shape>
              <Polygon POINTS="222 650 235 599 304 614 332 601 378 614 430 604 453 614 476 599 496 616 537 611 550 622 599 606 675 622 701 611 780 627 801 616 816 629 872 614 921 632 1008 622 1026 632 1070 629 1090 614 1108 622 1121 611 1164 632 1221 619 1246 632 1269 624 1305 645 1361 624 1377 637 1402 627 1431 634 1474 614 1505 640 1546 619 1600 647 1658 627 1681 645 1725 629 1779 645 1807 632 1832 647 1861 632 1894 652 1922 634 1991 660 2027 642 2076 640 2152 665 2160 691 2152 719 2071 739 2048 721 2030 734 2004 719 1984 729 1960 721 1945 734 1907 711 1850 714 1825 729 1789 714 1766 732 1733 711 1684 729 1638 709 1576 724 1541 711 1512 724 1479 706 1433 704 1369 716 1333 704 1308 701 1287 714 1244 701 1213 719 1157 698 1131 714 1113 701 929 688 898 706 872 688 849 693 837 683 806 698 739 696 706 716 657 683 586 696 555 686 524 704 506 688 488 696 460 683 424 680 409 691 396 680 227 675"/>
            </Shape>
	        <String CONTENT="la maximum possible de catastrophes nationales pour que la Répu-" HPOS="222" VPOS="599" WIDTH="1938" HEIGHT="140"></String>
          </TextLine>
        
        
	      <TextLine ID="eSc_line_349463" BASELINE="207 755 327 750 473 762 844 760 880 768 1006 773 1285 770 1382 783 1735 780 1863 793 2055 791 2091 796" HPOS="207" VPOS="704" WIDTH="1884" HEIGHT="140">
            <Shape>
              <Polygon POINTS="207 755 212 716 235 704 501 724 535 714 604 721 614 711 642 721 660 711 732 732 816 724 834 709 875 724 896 709 947 744 977 721 1057 732 1131 719 1180 739 1280 729 1305 742 1320 729 1356 739 1390 716 1464 747 1507 727 1543 744 1597 721 1623 742 1689 737 1735 762 1774 737 1832 752 1858 737 1886 755 2045 742 2068 762 2083 760 2091 796 2083 824 1989 826 1971 811 1912 844 1876 814 1856 826 1835 819 1809 837 1781 819 1730 814 1674 832 1658 819 1612 829 1594 814 1579 826 1548 811 1487 814 1466 803 1349 814 1313 793 1269 824 1244 803 1203 821 1182 803 1128 811 1108 796 1077 808 1000 796 916 806 855 791 803 803 760 785 714 801 665 791 614 798 599 788 545 801 468 788 442 801 409 780 343 793 271 791 209 770"/>
            </Shape>
	        <String CONTENT="blique en meure! Aussi faut-il les voir chercher dans le ré-" HPOS="207" VPOS="704" WIDTH="1884" HEIGHT="140"></String>
          </TextLine>
        
        
	      <TextLine ID="eSc_line_349464" BASELINE="209 862 780 862 832 870 952 875 1244 875 1305 880 1367 880 1392 885 1728 883 1945 896 2027 896 2088 888" HPOS="207" VPOS="814" WIDTH="1879" HEIGHT="128">
            <Shape>
              <Polygon POINTS="207 860 232 821 268 814 358 826 373 814 414 826 435 816 688 826 709 814 737 829 816 816 870 832 1047 821 1064 834 1116 814 1144 839 1172 842 1198 826 1221 839 1254 821 1280 824 1313 849 1354 819 1382 842 1446 842 1466 829 1515 849 1543 832 1640 862 1676 842 1702 852 1730 829 1789 852 1825 839 1840 849 1856 837 1899 855 1930 839 1968 867 2071 844 2086 885 2076 924 1945 924 1927 939 1912 931 1889 942 1861 921 1792 921 1763 936 1748 924 1671 929 1633 908 1574 921 1525 906 1495 916 1397 906 1341 921 1313 901 1246 913 1226 903 1141 913 1108 903 1093 913 1059 901 926 908 898 896 880 908 857 893 837 903 780 893 732 913 714 898 698 908 680 896 616 893 599 903 568 888 414 888 391 906 363 888 340 906 317 888 243 901 212 890"/>
            </Shape>
	        <String CONTENT="gime parlementaire l’explication de toutes nos faiblesses, de" HPOS="207" VPOS="814" WIDTH="1879" HEIGHT="128"></String>
          </TextLine>
        
        
	      <TextLine ID="eSc_line_349465" BASELINE="220 960 253 967 640 967 755 962 824 977 1287 975 1402 988 1815 985 1930 988 2006 990 2060 993" HPOS="217" VPOS="911" WIDTH="1841" HEIGHT="125">
            <Shape>
              <Polygon POINTS="217 960 222 926 238 913 289 924 343 911 376 926 399 919 419 934 455 924 532 926 550 942 570 924 622 911 645 931 775 919 867 934 885 924 962 934 972 924 1003 939 1085 926 1152 942 1172 924 1246 942 1292 926 1323 942 1433 934 1461 954 1505 921 1556 947 1643 944 1674 960 1699 936 1804 954 1858 936 1884 949 1907 939 1981 954 1999 942 2022 960 2045 960 2058 990 2050 1026 2001 1036 1968 1021 1927 1029 1912 1016 1894 1026 1856 1018 1835 1031 1802 1018 1756 1034 1733 1021 1594 1021 1571 1008 1479 1016 1464 1003 1431 1021 1377 1008 1328 1018 1203 1006 1169 1016 1149 1000 1118 1013 1072 1003 1006 1018 988 1003 970 1013 898 1000 842 1011 826 998 791 1008 773 998 744 1011 724 995 683 1011 563 993 440 1000 422 988 401 1000 373 993 340 1003 325 990 268 998 222 985"/>
            </Shape>
	        <String CONTENT="toutes nos déceptions les plus humaines ; ils ne cessent d&#39;in" HPOS="217" VPOS="911" WIDTH="1841" HEIGHT="125"></String>
          </TextLine>
        
        
	      <TextLine ID="eSc_line_349466" BASELINE="227 1067 688 1067 796 1080 1216 1077 1290 1085 1408 1090 2007 1095" HPOS="225" VPOS="1011" WIDTH="1779" HEIGHT="130">
            <Shape>
              <Polygon POINTS="225 1064 232 1024 286 1034 368 1021 427 1039 491 1011 512 1026 535 1016 555 1029 611 1018 637 1039 683 1011 729 1041 744 1029 785 1039 803 1024 819 1036 870 1036 911 1021 962 1031 985 1016 1011 1039 1103 1036 1121 1021 1141 1039 1167 1024 1185 1039 1195 1029 1236 1047 1259 1039 1282 1059 1344 1029 1374 1052 1436 1021 1469 1049 1492 1036 1523 1062 1584 1047 1600 1054 1638 1029 1658 1047 1689 1039 1710 1057 1722 1049 1753 1059 1843 1044 1863 1059 1891 1044 1920 1057 1976 1047 1996 1052 2004 1093 1996 1128 1958 1141 1937 1123 1909 1121 1886 1136 1858 1126 1807 1136 1792 1123 1766 1139 1751 1126 1679 1123 1658 1134 1594 1118 1566 1134 1533 1116 1456 1128 1402 1111 1351 1118 1287 1105 1210 1118 1141 1108 1126 1121 1070 1105 1029 1123 954 1103 775 1103 747 1116 716 1100 606 1118 581 1095 547 1108 506 1095 453 1108 424 1090 325 1095 309 1105 230 1090"/>
            </Shape>
	        <String CONTENT="voquer contre le parti républicain et, ici, personnellement" HPOS="225" VPOS="1011" WIDTH="1779" HEIGHT="130"></String>
          </TextLine>
        
        
	      <TextLine ID="eSc_line_349467" BASELINE="209 1164 299 1172 693 1169 942 1182 1246 1180 1423 1187 1454 1192 1968 1190 2081 1195" HPOS="209" VPOS="1118" WIDTH="1872" HEIGHT="123">
            <Shape>
              <Polygon POINTS="209 1164 225 1131 309 1131 337 1118 422 1141 517 1123 540 1144 576 1146 601 1131 619 1139 734 1126 747 1136 803 1136 847 1121 921 1139 949 1131 967 1141 980 1131 1008 1144 1039 1126 1077 1144 1103 1123 1152 1146 1205 1123 1231 1144 1259 1126 1292 1146 1341 1139 1367 1159 1431 1123 1497 1152 1525 1152 1559 1134 1638 1167 1679 1144 1694 1157 1753 1164 1802 1141 1884 1159 1935 1136 1968 1157 2009 1149 2055 1162 2073 1152 2081 1195 2071 1228 2022 1241 1994 1228 1932 1233 1889 1223 1804 1223 1789 1236 1768 1226 1684 1233 1633 1213 1600 1231 1564 1221 1538 1228 1461 1208 1264 1216 1239 1205 1198 1218 1162 1208 1000 1208 962 1221 929 1200 837 1203 826 1213 806 1200 775 1213 747 1200 678 1200 657 1218 616 1210 596 1223 568 1200 524 1223 496 1203 478 1210 419 1195 394 1205 215 1205"/>
            </Shape>
	        <String CONTENT="contre moi, notre résistance à la loi de trois ans, ma résis-" HPOS="209" VPOS="1118" WIDTH="1872" HEIGHT="123"></String>
          </TextLine>
        
        
	      <TextLine ID="eSc_line_349468" BASELINE="212 1267 245 1274 834 1272 972 1282 1338 1282 1479 1290 1505 1297 1587 1292 2040 1292 2140 1300 2170 1295" HPOS="209" VPOS="1208" WIDTH="1959" HEIGHT="143">
            <Shape>
              <Polygon POINTS="209 1264 212 1231 253 1208 289 1233 360 1226 384 1244 409 1228 432 1236 460 1216 506 1233 552 1216 637 1239 657 1228 732 1228 762 1251 872 1223 929 1244 965 1218 983 1223 1013 1208 1072 1256 1121 1228 1169 1239 1185 1226 1216 1246 1267 1231 1295 1249 1356 1231 1382 1251 1454 1246 1492 1256 1523 1241 1559 1256 1592 1233 1628 1262 1702 1233 1751 1254 1763 1244 1825 1254 1848 1236 1884 1236 1909 1256 1932 1239 1973 1256 1989 1244 2001 1254 2014 1244 2048 1251 2078 1236 2117 1262 2150 1256 2168 1292 2160 1323 2127 1349 2094 1336 2076 1351 2045 1333 1971 1338 1886 1323 1792 1336 1758 1320 1664 1333 1620 1315 1584 1326 1533 1318 1502 1336 1479 1320 1408 1318 1216 1313 1200 1326 1157 1308 1118 1328 1100 1315 893 1303 875 1313 752 1303 729 1313 706 1300 634 1300 581 1323 527 1300 491 1318 468 1300 450 1310 378 1297 366 1308 314 1303 281 1326 215 1290"/>
            </Shape>
	        <String CONTENT="tance au vote des cuirassés, l&#39;insuffisance de nos mitrailleuses" HPOS="209" VPOS="1208" WIDTH="1959" HEIGHT="143"></String>
          </TextLine>
        
        
	      <TextLine ID="eSc_line_349469" BASELINE="217 1379 276 1374 865 1374 898 1379 954 1379 1013 1387 1428 1384 1781 1397 2078 1397" HPOS="217" VPOS="1318" WIDTH="1861" HEIGHT="128">
            <Shape>
              <Polygon POINTS="217 1379 222 1331 263 1323 309 1338 332 1326 348 1336 376 1331 391 1344 435 1338 460 1318 517 1336 565 1328 581 1338 606 1326 622 1338 675 1344 732 1331 785 1359 824 1328 837 1338 888 1338 903 1326 919 1338 1064 1336 1080 1349 1131 1354 1221 1336 1290 1374 1338 1336 1423 1361 1500 1336 1536 1361 1569 1344 1587 1354 1602 1341 1633 1354 1679 1338 1702 1356 1740 1346 1758 1359 1809 1359 1840 1344 1868 1364 1896 1346 1935 1359 1966 1344 1986 1361 2012 1349 2053 1361 2078 1397 2071 1418 2032 1446 1981 1423 1899 1436 1850 1423 1799 1446 1745 1413 1720 1431 1623 1423 1605 1438 1551 1418 1392 1423 1303 1405 1244 1425 1195 1410 1136 1413 1108 1428 1054 1428 1034 1410 1013 1420 993 1410 901 1420 824 1405 803 1418 780 1400 755 1415 727 1410 693 1423 673 1408 609 1420 570 1397 504 1413 468 1397 440 1420 391 1400 343 1410 284 1397 235 1420 222 1410"/>
            </Shape>
	        <String CONTENT="et de notre grosse artillerie, etc, etc. La vérité est que la" HPOS="217" VPOS="1318" WIDTH="1861" HEIGHT="128"></String>
          </TextLine>
        
        
	      <TextLine ID="eSc_line_349470" BASELINE="230 1469 488 1479 1024 1477 1054 1484 1141 1489 1745 1487 1774 1492 2078 1495" HPOS="227" VPOS="1418" WIDTH="1849" HEIGHT="125">
            <Shape>
              <Polygon POINTS="227 1466 232 1425 325 1438 366 1418 384 1433 473 1438 504 1428 535 1454 586 1433 632 1431 668 1443 704 1423 734 1443 798 1428 816 1443 875 1433 906 1456 967 1433 1026 1448 1098 1443 1113 1431 1134 1446 1149 1438 1162 1448 1177 1441 1223 1451 1274 1436 1297 1456 1341 1423 1418 1456 1489 1436 1520 1454 1661 1448 1694 1477 1735 1448 1766 1459 1797 1446 1843 1464 1861 1451 2048 1456 2068 1469 2076 1492 2068 1525 2035 1543 1907 1523 1871 1541 1827 1520 1786 1530 1753 1523 1728 1538 1710 1523 1697 1533 1597 1518 1431 1515 1410 1525 1361 1515 1344 1530 1297 1515 1285 1525 1175 1523 1152 1538 1118 1515 1070 1530 1018 1512 985 1528 952 1512 921 1510 908 1520 849 1510 793 1528 701 1507 596 1507 550 1520 483 1507 430 1520 409 1502 232 1507"/>
            </Shape>
	        <String CONTENT="France est aujourd’hui défendue par ses réserves, ses territo-" HPOS="227" VPOS="1418" WIDTH="1849" HEIGHT="125"></String>
          </TextLine>
        
        
	      <TextLine ID="eSc_line_349471" BASELINE="232 1571 378 1576 404 1582 1062 1579 1116 1587 1208 1587 1239 1594 1303 1589 1973 1589 2009 1594" HPOS="232" VPOS="1518" WIDTH="1777" HEIGHT="125">
            <Shape>
              <Polygon POINTS="232 1571 238 1536 307 1536 327 1525 391 1551 450 1518 478 1541 512 1530 524 1543 552 1538 570 1553 593 1536 670 1536 693 1556 714 1541 783 1525 803 1543 857 1530 911 1536 936 1559 1008 1533 1026 1548 1047 1533 1100 1548 1123 1538 1154 1546 1180 1528 1200 1546 1218 1536 1269 1559 1295 1538 1356 1551 1392 1541 1405 1553 1456 1561 1495 1546 1553 1556 1592 1541 1612 1553 1635 1536 1687 1566 1743 1538 1779 1553 1792 1546 1856 1559 1871 1546 1894 1559 2001 1559 2009 1594 1991 1625 1960 1623 1925 1643 1899 1623 1848 1620 1827 1633 1771 1623 1756 1633 1733 1620 1697 1623 1679 1607 1628 1623 1410 1617 1372 1635 1349 1615 1313 1623 1264 1602 1244 1617 1192 1615 1175 1628 1136 1612 1047 1623 1031 1610 993 1620 957 1612 936 1594 903 1620 860 1607 808 1617 793 1607 711 1615 693 1605 673 1617 634 1605 576 1607 558 1620 529 1605 471 1630 450 1617 437 1625 424 1612 350 1602 299 1612 281 1605 271 1615 238 1602"/>
            </Shape>
	        <String CONTENT="riaux, tous ses enfants et non par trois classes seulement." HPOS="232" VPOS="1518" WIDTH="1777" HEIGHT="125"></String>
          </TextLine>
        
        
	      <TextLine ID="eSc_line_349472" BASELINE="230 1674 294 1669 327 1679 532 1679 583 1684 1282 1681 1469 1692 2127 1694 2163 1695" HPOS="227" VPOS="1617" WIDTH="1933" HEIGHT="128">
            <Shape>
              <Polygon POINTS="227 1671 232 1623 243 1617 286 1646 314 1635 412 1635 424 1646 488 1623 550 1638 606 1625 624 1640 647 1623 663 1633 714 1620 806 1651 883 1633 1113 1658 1146 1635 1167 1651 1223 1648 1241 1661 1259 1646 1282 1651 1297 1640 1310 1651 1387 1638 1418 1653 1441 1635 1456 1648 1466 1640 1515 1653 1569 1630 1594 1651 1630 1653 1648 1640 1710 1658 1745 1640 1784 1658 1820 1638 1856 1656 1881 1643 1896 1653 1914 1643 1989 1653 2017 1640 2065 1671 2104 1640 2152 1669 2160 1694 2140 1730 2094 1722 2055 1743 2037 1728 2004 1725 1955 1740 1930 1722 1848 1738 1809 1725 1653 1728 1630 1717 1561 1733 1479 1722 1446 1740 1400 1722 1369 1735 1277 1720 1256 1733 1200 1728 1175 1745 1126 1717 1070 1730 1047 1715 990 1722 962 1712 934 1728 888 1712 849 1728 785 1710 750 1725 737 1715 704 1725 665 1710 545 1710 506 1720 488 1707 458 1707 442 1717 419 1699 325 1715 232 1710"/>
            </Shape>
	        <String CONTENT="Si les centaines de millions, les milliards qu&#39;on a gaspillés en" HPOS="227" VPOS="1617" WIDTH="1933" HEIGHT="128"></String>
          </TextLine>
        
        
	      <TextLine ID="eSc_line_349473" BASELINE="217 1776 591 1774 819 1781 844 1786 2024 1784 2091 1789" HPOS="217" VPOS="1720" WIDTH="1874" HEIGHT="120">
            <Shape>
              <Polygon POINTS="217 1776 222 1738 363 1740 381 1730 483 1748 540 1733 570 1748 683 1730 698 1740 780 1743 814 1720 865 1743 893 1722 913 1725 980 1774 1011 1748 1077 1740 1093 1728 1123 1745 1182 1748 1203 1735 1221 1751 1269 1730 1308 1748 1333 1730 1354 1748 1477 1745 1489 1756 1536 1751 1551 1738 1576 1753 1605 1738 1623 1753 1661 1751 1679 1761 1789 1745 1820 1758 1848 1748 1899 1758 1917 1745 1943 1766 1968 1745 2009 1740 2065 1766 2083 1763 2091 1789 2083 1832 2058 1822 2009 1822 1989 1835 1978 1825 1958 1835 1912 1825 1894 1840 1868 1820 1845 1825 1822 1804 1786 1832 1712 1827 1697 1840 1666 1820 1543 1830 1520 1820 1487 1830 1443 1820 1392 1838 1361 1812 1346 1822 1216 1817 1200 1827 1177 1815 1049 1815 1024 1830 985 1807 962 1817 911 1807 857 1817 834 1807 816 1822 760 1809 696 1822 663 1809 609 1825 578 1804 535 1825 483 1802 371 1812 222 1804"/>
            </Shape>
	        <String CONTENT="casernes et en cuirassés, avaient été consacrés, pour une fai-" HPOS="217" VPOS="1720" WIDTH="1874" HEIGHT="120"></String>
          </TextLine>
        
        
	      <TextLine ID="eSc_line_349474" BASELINE="207 1881 245 1876 755 1876 857 1884 1008 1884 1036 1889 2073 1889" HPOS="207" VPOS="1820" WIDTH="1866" HEIGHT="117">
            <Shape>
              <Polygon POINTS="207 1881 215 1832 363 1843 432 1827 463 1843 522 1843 558 1820 578 1838 632 1825 709 1843 747 1832 778 1858 819 1827 837 1827 870 1853 998 1838 1024 1858 1057 1838 1103 1848 1121 1838 1139 1848 1213 1840 1228 1853 1272 1832 1290 1845 1320 1832 1372 1853 1428 1835 1464 1853 1489 1832 1589 1853 1671 1838 1720 1856 1735 1843 1822 1850 1840 1838 1884 1868 1917 1848 1996 1835 2063 1863 2073 1889 2055 1922 1922 1930 1907 1917 1748 1920 1717 1922 1697 1937 1648 1920 1571 1920 1556 1930 1538 1917 1495 1914 1466 1925 1384 1922 1372 1912 1246 1925 1221 1904 1164 1917 1090 1912 1075 1925 1026 1922 1006 1909 985 1927 954 1912 890 1922 875 1909 826 1912 803 1927 788 1914 683 1920 647 1907 622 1930 593 1925 570 1937 527 1904 437 1914 422 1907 401 1920 386 1907 281 1917 212 1899"/>
            </Shape>
	        <String CONTENT="ble part seulement, à nous donner plus de mitrailleuses, plus" HPOS="207" VPOS="1820" WIDTH="1866" HEIGHT="117"></String>
          </TextLine>
        
        
	      <TextLine ID="eSc_line_349484" BASELINE="207 1984 266 1978 1041 1978 1164 1984 1221 1991 2124 1991" HPOS="207" VPOS="1927" WIDTH="1917" HEIGHT="113">
            <Shape>
              <Polygon POINTS="207 1984 212 1943 230 1932 291 1953 320 1937 478 1937 496 1950 547 1932 573 1943 663 1940 691 1953 711 1937 770 1940 783 1950 839 1930 867 1943 924 1935 960 1958 985 1958 1059 1927 1093 1945 1141 1937 1154 1948 1208 1940 1241 1950 1310 1935 1336 1950 1367 1948 1392 1927 1420 1950 1500 1958 1602 1940 1615 1950 1653 1943 1689 1953 1720 1932 1758 1955 1822 1937 1838 1948 1858 1932 1886 1953 1920 1950 1935 1960 1973 1935 2058 1953 2096 1945 2117 1955 2124 1991 2104 2019 2007 2017 1991 2030 1976 2017 1912 2017 1873 2030 1848 2017 1832 2027 1815 2017 1784 2027 1771 2017 1725 2027 1707 2017 1687 2027 1640 2014 1543 2030 1518 2009 1479 2032 1464 2019 1425 2027 1410 2017 1221 2024 1195 2007 1134 2040 1085 2012 1031 2027 1018 2019 1003 2030 980 2014 926 2030 906 2014 855 2012 837 2022 785 2004 773 2014 698 2017 680 2007 552 2022 532 2009 481 2022 381 2009 353 2027 337 2014 250 2017 212 2004"/>
            </Shape>
	        <String CONTENT="de canons, plus de forts, plus d’officiers, plus de camps d’ins-" HPOS="207" VPOS="1927" WIDTH="1917" HEIGHT="113"></String>
          </TextLine>
        
        
	      <TextLine ID="eSc_line_349483" BASELINE="202 2071 238 2078 378 2078 509 2083 1958 2083 1989 2076" HPOS="202" VPOS="2030" WIDTH="1787" HEIGHT="105">
            <Shape>
              <Polygon POINTS="202 2071 207 2045 225 2030 271 2040 337 2040 348 2030 396 2042 430 2035 471 2053 512 2035 619 2040 647 2053 691 2030 739 2048 778 2032 908 2045 931 2032 980 2053 1031 2032 1082 2053 1111 2030 1126 2042 1195 2055 1241 2040 1303 2048 1320 2035 1349 2060 1374 2042 1415 2048 1431 2037 1474 2045 1489 2035 1533 2050 1556 2032 1638 2060 1658 2042 1674 2050 1697 2040 1738 2055 1768 2035 1853 2050 1873 2037 1920 2048 1960 2040 1981 2053 1989 2076 1981 2117 1960 2127 1894 2117 1832 2124 1820 2114 1715 2127 1702 2117 1651 2122 1633 2109 1574 2135 1551 2119 1477 2114 1402 2129 1328 2112 1187 2122 1144 2109 1095 2112 1080 2124 1057 2114 1044 2124 1031 2112 985 2122 972 2112 888 2117 852 2106 793 2112 773 2129 747 2109 673 2109 652 2091 622 2117 568 2114 532 2129 455 2109 407 2124 340 2104 304 2117 276 2104 230 2112 207 2094"/>
            </Shape>
	        <String CONTENT="truction, plus de chemins de fer, les Allemands ne seraient" HPOS="202" VPOS="2030" WIDTH="1787" HEIGHT="105"></String>
          </TextLine>
        
        
	      <TextLine ID="eSc_line_349478" BASELINE="207 2168 248 2176 458 2173 747 2186 2108 2185" HPOS="204" VPOS="2119" WIDTH="1902" HEIGHT="118">
            <Shape>
              <Polygon POINTS="204 2165 212 2142 245 2142 263 2127 299 2142 327 2137 343 2150 386 2124 450 2142 476 2142 494 2127 512 2137 560 2127 588 2147 627 2142 652 2155 701 2132 729 2147 760 2147 780 2132 811 2147 837 2137 849 2145 903 2119 967 2147 1021 2135 1067 2150 1131 2124 1185 2145 1226 2127 1249 2145 1300 2155 1318 2145 1382 2152 1405 2135 1464 2155 1512 2137 1571 2147 1605 2135 1646 2150 1674 2142 1692 2158 1728 2150 1743 2163 1789 2145 1820 2158 1835 2145 1876 2155 1899 2137 1945 2152 1994 2137 2042 2147 2081 2137 2099 2147 2106 2183 2094 2229 2060 2214 1935 2227 1876 2206 1812 2222 1797 2211 1733 2214 1717 2227 1684 2211 1592 2222 1559 2211 1543 2224 1518 2214 1495 2232 1461 2211 1423 2211 1369 2237 1336 2214 1254 2224 1134 2222 1116 2211 1011 2222 947 2214 924 2229 896 2214 870 2222 814 2211 755 2211 739 2224 724 2211 686 2227 652 2211 565 2211 550 2222 537 2211 473 2219 458 2209 404 2216 391 2206 325 2206 276 2224 209 2214"/>
            </Shape>
	        <String CONTENT="peut-être même pas entrés en France ; mais passons.....; il n’en" HPOS="204" VPOS="2119" WIDTH="1902" HEIGHT="118"></String>
          </TextLine>
        
        
	      <TextLine ID="eSc_line_349480" BASELINE="217 2278 1062 2275 1098 2280 1282 2283 1331 2288 1571 2288 1615 2283 1730 2280 2118 2288" HPOS="215" VPOS="2224" WIDTH="1902" HEIGHT="108">
            <Shape>
              <Polygon POINTS="215 2275 230 2229 250 2245 320 2237 332 2247 488 2247 524 2237 537 2247 634 2240 673 2250 732 2247 744 2237 757 2247 842 2247 875 2232 929 2252 1011 2240 1044 2252 1085 2234 1100 2247 1136 2247 1192 2232 1246 2242 1262 2229 1282 2237 1313 2224 1333 2240 1351 2232 1387 2250 1474 2245 1487 2234 1553 2240 1566 2229 1594 2247 1630 2250 1748 2234 1935 2240 1953 2255 1981 2234 2045 2257 2083 2245 2117 2286 2081 2327 2040 2311 2004 2332 1950 2301 1894 2324 1868 2311 1832 2321 1817 2311 1802 2321 1789 2311 1740 2311 1728 2321 1674 2316 1656 2329 1620 2306 1559 2332 1510 2311 1459 2327 1443 2314 1423 2324 1354 2324 1320 2311 1208 2324 1180 2309 1113 2324 995 2311 975 2327 921 2311 893 2332 842 2309 816 2309 796 2327 760 2311 711 2327 680 2311 624 2314 601 2332 573 2314 509 2311 399 2324 368 2309 299 2309 286 2319 243 2309 220 2321"/>
            </Shape>
	        <String CONTENT="reste pas moins ce fait que la réaction profite partout de la g" HPOS="215" VPOS="2224" WIDTH="1902" HEIGHT="108"></String>
          </TextLine>
        
        
	      <TextLine ID="eSc_line_349481" BASELINE="217 2380 1978 2378 2009 2383" HPOS="217" VPOS="2321" WIDTH="1792" HEIGHT="111">
            <Shape>
              <Polygon POINTS="217 2380 222 2339 386 2342 407 2324 448 2342 471 2321 494 2342 506 2334 565 2347 665 2337 780 2342 793 2332 811 2342 860 2324 885 2334 913 2327 931 2342 983 2327 1000 2342 1052 2332 1064 2342 1095 2327 1136 2344 1203 2350 1239 2327 1264 2342 1290 2329 1323 2347 1425 2337 1438 2347 1520 2342 1566 2352 1630 2327 1674 2344 1756 2332 1786 2344 1850 2329 1889 2332 1917 2357 1994 2337 2009 2383 2001 2416 1917 2403 1873 2414 1756 2408 1733 2421 1658 2403 1625 2416 1576 2408 1533 2421 1500 2408 1482 2421 1413 2414 1392 2424 1057 2403 998 2419 985 2408 919 2408 896 2421 847 2406 793 2406 762 2432 742 2414 663 2419 552 2398 519 2419 458 2406 417 2421 394 2408 371 2429 340 2406 248 2416 232 2429 222 2419"/>
            </Shape>
	        <String CONTENT="guerre pour essayer de nuire à la République. Et c’est là ce" HPOS="217" VPOS="2321" WIDTH="1792" HEIGHT="111"></String>
          </TextLine>
        
        
	      <TextLine ID="eSc_line_349476" BASELINE="207 2472 386 2470 473 2475 975 2475 1003 2470 1067 2470 1131 2475 1264 2475 1372 2470 1922 2470 1953 2475" HPOS="207" VPOS="2416" WIDTH="1746" HEIGHT="113">
            <Shape>
              <Polygon POINTS="207 2472 212 2444 253 2426 268 2439 343 2434 378 2449 409 2432 424 2444 473 2432 509 2447 529 2429 591 2442 665 2429 698 2442 816 2434 829 2421 862 2439 885 2424 939 2416 967 2439 993 2442 1021 2424 1134 2439 1149 2429 1244 2460 1267 2439 1326 2442 1349 2426 1397 2426 1428 2444 1448 2429 1464 2439 1487 2429 1502 2442 1553 2442 1584 2421 1610 2432 1625 2424 1651 2447 1676 2429 1797 2442 1817 2429 1835 2439 1896 2432 1940 2439 1953 2475 1932 2513 1771 2503 1712 2513 1582 2506 1571 2516 1559 2506 1474 2513 1454 2503 1418 2519 1408 2508 1361 2516 1346 2506 1287 2519 1241 2490 1159 2521 1128 2521 1108 2506 1082 2529 1052 2506 919 2511 898 2498 832 2513 796 2501 742 2524 701 2506 647 2513 637 2503 591 2519 512 2503 486 2513 386 2501 348 2516 299 2501 261 2513 212 2506"/>
            </Shape>
	        <String CONTENT="qu’il est important de constater,- après bientôt deux mois" HPOS="207" VPOS="2416" WIDTH="1746" HEIGHT="113"></String>
          </TextLine>
        
        
	      <TextLine ID="eSc_line_349482" BASELINE="209 2570 2030 2575 2060 2567" HPOS="209" VPOS="2519" WIDTH="1851" HEIGHT="110">
            <Shape>
              <Polygon POINTS="209 2570 215 2542 253 2526 273 2542 322 2549 350 2526 414 2544 529 2534 583 2536 601 2549 665 2526 688 2536 808 2526 824 2539 880 2529 901 2542 942 2526 990 2542 1118 2521 1162 2539 1195 2524 1244 2542 1277 2519 1320 2534 1367 2521 1395 2542 1420 2529 1466 2542 1495 2521 1515 2539 1576 2531 1605 2544 1638 2519 1653 2531 1689 2524 1771 2539 1825 2526 1930 2534 1960 2521 1971 2531 1984 2524 2053 2539 2060 2567 2053 2600 2009 2613 1889 2595 1848 2616 1825 2598 1794 2611 1758 2598 1740 2608 1653 2608 1635 2598 1528 2618 1510 2608 1469 2618 1454 2608 1431 2621 1413 2606 1390 2616 1315 2603 1292 2613 1218 2606 1198 2621 1154 2603 1100 2606 1090 2616 1034 2595 1008 2606 875 2603 862 2613 829 2600 793 2611 724 2603 680 2624 650 2608 629 2626 583 2606 547 2608 517 2626 488 2606 448 2608 422 2629 399 2629 309 2600 291 2613 215 2606"/>
            </Shape>
	        <String CONTENT="des épreuves quotidiennes d’une guerre pénible, elle n&#39;y réus-" HPOS="209" VPOS="2519" WIDTH="1851" HEIGHT="110"></String>
          </TextLine>
        
        
	      <TextLine ID="eSc_line_349475" BASELINE="202 2670 235 2677 593 2677 650 2672 903 2670 1326 2672 1367 2664 2042 2667" HPOS="202" VPOS="2613" WIDTH="1840" HEIGHT="105">
            <Shape>
              <Polygon POINTS="202 2670 220 2636 276 2621 309 2639 381 2624 442 2634 468 2624 488 2634 504 2621 555 2639 586 2624 622 2644 642 2644 668 2624 727 2631 750 2647 791 2629 839 2636 862 2618 878 2634 1021 2639 1067 2639 1085 2626 1105 2636 1154 2634 1175 2621 1233 2641 1262 2618 1303 2639 1374 2639 1392 2629 1420 2644 1469 2629 1510 2641 1566 2613 1623 2641 1666 2616 1725 2634 1825 2618 1843 2634 1863 2624 1889 2641 1914 2621 1932 2631 1968 2624 2035 2631 2042 2667 2035 2698 1999 2718 1960 2703 1899 2705 1881 2690 1807 2705 1771 2693 1730 2705 1635 2695 1584 2708 1564 2698 1469 2698 1451 2713 1420 2693 1341 2713 1308 2695 1282 2711 1236 2698 1149 2713 1139 2703 1098 2711 1067 2695 1034 2716 988 2700 760 2711 732 2690 704 2711 680 2700 647 2718 565 2698 517 2716 478 2713 463 2700 435 2708 327 2698 268 2716 207 2695"/>
            </Shape>
	        <String CONTENT="sit nullement, au contraire ; c’est à qui me dit tous les jours" HPOS="202" VPOS="2613" WIDTH="1840" HEIGHT="105"></String>
          </TextLine>
        
        
	      <TextLine ID="eSc_line_349477" BASELINE="197 2772 238 2767 1914 2769 1940 2764 2078 2764" HPOS="197" VPOS="2705" WIDTH="1881" HEIGHT="113">
            <Shape>
              <Polygon POINTS="197 2772 202 2746 225 2726 250 2734 263 2723 286 2739 314 2716 330 2723 343 2713 368 2731 386 2723 419 2739 465 2726 524 2739 545 2723 596 2739 637 2736 655 2723 675 2739 711 2713 737 2734 785 2726 796 2736 857 2736 875 2721 967 2744 1000 2721 1041 2734 1080 2711 1113 2721 1128 2708 1149 2718 1167 2705 1200 2728 1259 2731 1287 2716 1315 2734 1408 2731 1441 2708 1510 2708 1533 2728 1628 2711 1656 2734 1681 2716 1735 2731 1779 2718 1817 2736 1838 2718 1894 2723 1920 2711 1937 2726 2071 2734 2078 2764 2071 2790 1971 2813 1927 2800 1904 2810 1822 2785 1789 2803 1640 2792 1623 2808 1576 2792 1541 2795 1525 2808 1492 2795 1418 2803 1392 2792 1377 2805 1308 2805 1269 2787 1236 2808 1167 2798 1049 2808 967 2792 936 2798 916 2816 875 2795 855 2810 819 2800 780 2810 765 2798 670 2792 591 2818 529 2792 506 2808 486 2798 465 2808 422 2800 309 2810 273 2798 243 2810 202 2782"/>
            </Shape>
	        <String CONTENT="et partout dans le pays, - sauf dans les salons!! de La Flèche,-" HPOS="197" VPOS="2705" WIDTH="1881" HEIGHT="113"></String>
          </TextLine>
        
        
	      <TextLine ID="eSc_line_349479" BASELINE="220 2864 2022 2864" HPOS="220" VPOS="2803" WIDTH="1802" HEIGHT="133">
            <Shape>
              <Polygon POINTS="220 2864 225 2821 279 2839 327 2805 366 2821 419 2805 453 2833 465 2823 550 2844 578 2821 593 2831 650 2823 673 2836 701 2818 747 2833 801 2826 826 2844 849 2828 872 2833 919 2818 936 2803 1011 2826 1041 2826 1064 2810 1164 2833 1208 2818 1226 2831 1254 2821 1315 2833 1346 2816 1374 2821 1400 2810 1410 2821 1433 2805 1474 2828 1497 2813 1538 2833 1548 2823 1658 2823 1676 2833 1720 2818 1756 2828 1815 2821 1832 2833 1853 2816 1920 2828 1948 2816 2014 2828 2022 2864 2012 2897 1948 2908 1937 2897 1886 2897 1856 2923 1804 2903 1748 2926 1689 2900 1653 2926 1610 2895 1594 2905 1538 2900 1497 2913 1469 2897 1438 2895 1418 2908 1372 2897 1349 2918 1333 2905 1313 2923 1180 2915 1152 2926 1131 2918 1121 2928 1041 2915 985 2928 972 2918 957 2928 890 2913 872 2928 847 2918 806 2928 793 2918 727 2918 711 2928 522 2918 481 2933 401 2915 363 2931 299 2923 256 2936 225 2918"/>
            </Shape>
	        <String CONTENT="la réaction ne gagne pas à la guerre elle y perd, car chacun" HPOS="220" VPOS="2803" WIDTH="1802" HEIGHT="133"></String>
          </TextLine>
        </TextBlock>
        
      </PrintSpace>
    </Page>
  </Layout>
</alto>
