2304 3072
832 64 174 102 - 8 -

184 179 1915 174 le crime de la réaction militaire prussienne. Il est impossible

176 304 1772 138 que les libres Etats-Unis, nés de leur lutte sacrée contre

189 424 1718 121 la domination européenne, grandis, enrichis, ennoblis par

199 537 1818 110 cette lutte, arrivés grâce à cette lutte au premier rang des

197 640 1720 107 nations, se tiennent prudemment entre la Révolution et la

204 737 1805 110 Réaction, entre le droit et la conquête, entre la paix et la

227 857 195 87 guerre.

499 916 1559 118 Les Américains sont trop généreux pour hésiter, trop

220 1026 1799 115 avisés aussi, car le vieil édifice de la réaction prussienne

225 1116 1876 128 se lézarde et va s’écrouler ; les Américains d’origine allemande

227 1233 1782 108 eux-mêmes seraient contre leur propre pays s’ils soutenaient

225 1313 1889 123 de leurs sympathies le régime du caporalisme qui est en train de

238 1433 294 108 la perdre.

537 1500 1615 135 Aujourd’hui vraiement, dans l'humanité en armes, chaque

243 1623 1848 110 peuple doit se classer ; la victoire déjà compromise ne sera pas

261 1704 1740 126 du côté du plus fort, elle sera du côté du droit, du côté où

238 1812 1825 115 nous avons vainement supplié l’Allemagne de se joindre à nous;

238 1902 1682 120 elle sera du côté des peuples contre l’oppression . Après

266 2007 1776 112 tout, le militarisme allemand, par un juste retour des choses

248 2101 1738 121 aura fait coup double ; il aura déshonoré la guerre et servi,

245 2201 796 120 malgré lui, la démocratie.

819 2293 747 136 Votre cordialement dévoué.
