2304 3072
778.0 135.0 179.0 87.0 - 4 -

263.0 271.0 1800.0 115.0 moins, comme un détestable argument en faveur de la force dont

273.0 371.0 1754.0 138.0 il sera le triomphe quand même ; car il est clair que le mili-

266.0 468.0 1833.0 133.0 tarisme allemand serait vainqueur et tout puissant si la France

256.0 568.0 1817.0 120.0 n’avait été prêts à le combattre par les armes et soutenue par

258.0 645.0 745.0 110.0 les armées de ses alliés.

545.0 762.0 1449.0 123.0 Les vraies difficultés, à mon sens, vont commencer

266.0 824.0 1802.0 159.0 le jour où les allemands vaincus auront à subir les conditions

271.0 929.0 1623.0 148.0 de leurs vainqueurs. Les vainqueurs pourront s’entendre

263.0 1026.0 1695.0 151.0 je le crois, pour s'arrêter et dicter ces conditions, mais

261.0 1159.0 1612.0 80.0 s’entendront-ils pour les modérer ? Là est la question.

532.0 1246.0 1585.0 95.0 Pour ne parler que de la France, elle sera loin d'être

245.0 1303.0 1805.0 161.0 unanime à ce moment, comme elle a été unanime pour se défendre

256.0 1418.0 1845.0 138.0 Elle est unanime sur ces points principaux: 1° l'Alsace-Lorraine

261.0 1518.0 1694.0 138.0 devra être enfin libérée, libre de revenir à la France son

261.0 1615.0 1738.0 138.0 droit respecté, reconnue cette libération s'étandant, autant

253.0 1730.0 1764.0 120.0 que possible, à tout pays d’Europe dont le droit a été violé.

540.0 1822.0 1610.0 110.0 2° Finissons en avec le mensonge, avec la mystification

256.0 1917.0 1710.0 120.0 ruineuse de la paix armée soi-disant inventée pour prévenir

245.0 2014.0 1774.0 121.0 la guerre et qui l'aura rendue inévitable ; que le militarisme

261.0 2114.0 1756.0 118.0 allemand soit abattu : qu’il ne puisse redevenir une menace et

273.0 2191.0 1657.0 130.0 jouer à nouveau le signal des surenchères d’armements! La

243.0 2286.0 1794.0 140.0 paix ne sera qu’une trève, une sinistre comédie, si elle n’est

261.0 2385.0 1684.0 134.0 pas couronnée par une convention générale de désarmement à

263.0 2483.0 1764.0 146.0 laquelle l’Allemagne devra souscrire comme les autres et avant

256.0 2585.0 473.0 113.0 tout autre pays.

547.0 2680.0 1385.0 120.0 3° L'arbitrage, la conciliation, tous les moyens

256.0 2775.0 1776.0 112.0 déjà prévus de régler à l’amiable et, si possible, de prévenir

240.0 2864.0 1695.0 118.0 les conflits internationaux devront être organisés sur des
