2304 3072
814.0 58.0 192.0 108.0 - 5 -

217.0 186.0 1790.0 180.0 faillite ou s’imposerat-elle plus que jamais comme le seul

202.0 309.0 1797.0 164.0 remède au retour du mal déchainé par une succession d’impé-

215.0 409.0 1223.0 156.0 rialismes rivaux ? Tel est le problème.

517.0 524.0 1564.0 141.0 Je crois que la guerre actuelle a été la démonstra-

222.0 619.0 1859.0 149.0 tion de notre thème par l’absurde. L'absurdité du fait brutal

222.0 737.0 1792.0 130.0 aura suppléé à l’impuissance de la raison. C’est le classi-

220.0 839.0 1047.0 118.0 que enseignement des catastrophes,

540.0 942.0 1444.0 135.0 Quant on se rendra compte que tous les résultats

227.0 1049.0 1751.0 118.0 de la guerre auraient pu être obtenus dans la paix par un

222.0 1141.0 1907.0 128.0 effort général de bonnes volontés, et que la guerre aura laissé

225.0 1246.0 1938.0 126.0 en revanche quels ferments de rancune, de haine, de représailles

238.0 1344.0 1812.0 128.0 de bestialité : quand on saura, en outre, que la guerre aura

225.0 1446.0 1823.0 120.0 été, pour une large part, succitée, malgré les gouvernements

225.0 1553.0 1838.0 113.0 et les Parlements, par les manoeuvres d’une bande internatio-

235.0 1651.0 1743.0 112.0 nale de fournisseurs militaires et par leurs journaux tout

225.0 1751.0 1725.0 115.0 puissants, quand on se rendra compte que ces fournisseurs,

225.0 1850.0 1902.0 116.0 ces journaux, ont joué de la guerre comme d’un épouvantail pour

225.0 1955.0 1910.0 105.0 entretenir l'état général d’inquiétude favorable à leurs sinis-

225.0 2053.0 1892.0 112.0 tres opérations, alors il se fera un retour d'opinion pour sou-

222.0 2155.0 1877.0 113.0 tenir, trop tard hélas, mais pour soutenir, à la fin, les hom-

222.0 2255.0 1718.0 115.0 mes qui ont, comme vous et nos amis, préconisé plûtot que

220.0 2355.0 1920.0 115.0 la guerre l’arbitrage et plutôt que l’arbitrage la conciliation.

522.0 2452.0 1502.0 110.0 Nous devons plus que jamais affirmer notre convic-

217.0 2542.0 1746.0 125.0 tion, notre programme, sauver notre organisation ; plus que

222.0 2647.0 1877.0 122.0 jamais notre devise "Pro patria per obis concordiam", sera celle

230.0 2749.0 1851.0 115.0 de tout bon patriote qui voudra développer la prospérité inté-

225.0 2846.0 1971.0 118.0 rieure de son pays à la faveur de ses bonnes relations extérieures
