2304 3072
780 99 174 113 - 7 -

156 207 1812 192 que nous avons pour nous la jeune Russie dans cette insurrec-

163 322 1710 174 tion générale contre l’autocratie allemande, nous verrons

168 424 1844 172 plus tard. Et qui sait si la Russe ne profitera pas elle-même

179 537 1728 156 des grands changements qui vont s’accomplir grace à elle ?

494 657 1490 126 L’essentiel c’est de maintenir unies en France tou-

186 747 1823 143 tes les forces de libération, lesquelles entrainent avec elles

197 844 939 110 toute la France, toute l’Europe.

471 947 1500 125 Mais c’est pourquoi vos lettres me sont un encoura-

186 1041 1403 121 gement si précieux et me rassurent complètement.

478 1146 1557 118 Il est impossible que devant la lutte gigantesque qui

176 1233 1859 121 se poursuit en Europe, le nouveau monde reste simple spectateur.

176 1333 1800 121 Je ne demande pas qu’il intervienne par les armes, mais qu’il

192 1428 1858 120 ne cache pas sa pensée, son aversion pour l’horrible vieille qui

189 1528 1800 112 s’appelle la réaction ou l’ordre moral, et qui n’est vraiement

186 1633 1759 105 que la mort : qu’il ne cache pas son indignation pour l’abomi-

194 1725 1702 110 nable calcul de cette réaction incapable de rien comprendre

186 1817 1774 120 à la vie, au travail, à la science, à l'art, au génie humain!

174 1917 1874 113 Qu’il ne reste pas sceptique devant les attentats séniles de ces

184 2017 1761 110 armées qui ne respectent plus rien, ni femmes, ni enfants, ni

194 2109 1782 113 vieillards, ni villes ouvertes, ni musées, ni cathédrales! Ces

174 2204 1833 120 armées qui ont l’ordre, non plus de vaincre, puisque leurs vic-

186 2306 1216 105 toires seront inutiles, mais de détruire.

465 2385 1506 113 Détruire pour détruire, détruire la France, détruire

197 2485 1812 113 le passé, l’histoire, la beauté, détruire ce que le monde vient

184 2572 1743 118 comme en pèlerinage, aimer et admirer en France, voilà main-

174 2662 1825 120 tenant le plan de campagne des armées allemandes ; voilà à quel€e€

176 2759 1792 126 degré de bestialité un Gouvernement réactionnaire a pu réduire

176 2844 1692 146 un jeune peuple ! Et quel peuple! Voilà le crime des crimes,
