2304 3072
750 115 355 110 LETTRE N° 8

58 258 302 143 SENAT

878 317 1254 100 Clermomt-Créans (Sarthe) le 2 Novembre 1914

634 619 489 79 Mon cher Butler,

256 737 1694 112 Je suis allé passer, hier dimanche de la Toussaint, avec M.

99 839 1961 105 et Mme Puech, la journée à Senlis, tout près de Paris, à moitié che-

89 939 2028 108 min de Compi ègne. Je vous envoie quelques photographies de ce qui res-

104 1029 2033 110 te de cette jolie ville ouverte et pacifique apr ès le passage de l’ar-

94 1131 2046 125 mée allemande. C'est ce que nous avons vu de nos yeux, et c’est peu de

99 1228 2020 108 chose, - m’assurent des témoins dignes de foi, (L. Bourgeois, G. Menier

120 1320 2020 123 A. Robin et beaucoup d’autres) - auprès des atrocités commises de sang

110 1420 2002 108 froid dans le nord et dans l’est ; là plus malheureuses encore que Sen-

97 1510 2055 120 lis, des régions enti ères ont été systématiquement dévastées et souil-

117 1605 2028 117 lées ; là il ne reste rien, pas même les murs des maisons ; etiam perie-

122 1710 364 110 runt ruinae.

256 1789 1712 128 Si jamais la France, soulevée par les haines qui survivront

122 1886 1979 128 à de pareilles atrocités, se laissait entraîner, pour châtier les Al-

120 1981 2012 131 lemands, à les imiter, il faudrait l’excuser peut-être, mais je rougi-

133 2101 422 105 rais de honte.

266 2165 1712 121 Ces ruines ne disent rien des massacres et des lâchetés qui

133 2260 1968 123 nécessairement les accompagnent et qui sont devenus la méthode quoti-

153 2347 1984 131 dienne du commandement allemand, méthode à la fois monstrueuse et stu-

143 2439 1992 141 pide, puisqu’elle n’aboutit qu’à l’exaspération des habitants ; détruire

153 2536 1836 144 les maisons, les musées, les églises, les bibliothèques, ce n'est

71 2726 1334 143 à Monsieur le Président Nicholas Murray BUTLER

535 2810 256 105 NEW-YORK.
