2304 3072
860 43 189 105 - 8 -

202 179 1920 138 Il en a fait assez depuis deux mois et demi pour que l'épreuve

197 302 1973 122 soit décisive ; le dégoût qu’il inspire grandit en proportion du

222 409 1879 113 mal qu’il cause ; il est devenu pire que la mort, oui, la mort

204 514 1918 110 que chacun de nous craignait hier apparait maintenant comme un

222 611 1971 126 devoir, la ressource suprême pour faire échec à l'ignoble domina

220 719 1984 113 tion du monstre. Nos biens les plus précieux, notre vie même €n'o€

204 819 1992 120 n'ont plus de valeur pour nous sous la menace allemande ; le plus

209 924 1885 110 timide des Français laissera brûler son foyer et se fera tuer

204 1024 1101 110 plutôt que de céder à cette menace.

376 1118 1728 121 Je n'exagère rien. Vous m’objecterez qu’il m’est facile,

217 1218 1979 123 dans notre doux pays du Maine, encore épargné par l’invasion, de

204 1333 1915 108 parler de la résistance à tout prix ; mais non, ma province est

225 1431 1869 112 infiniment moins éprouvée sans doute que celles du Nord et de

225 1536 1884 117 l'Est de la France et surtout que celles de la Belgique, mais

215 1635 1743 113 ses souffrances sont déjà assez profondes quand même pour

227 1735 1897 123 pouvoir l’abattre, si elle devait être abattue. La mort domine

225 1838 1951 122 ici, à la Fl èche comme ailleurs ; il n’y a peut-être pas une seu-

238 1930 1835 128 le de nos familles qui ne compte un de ses enfants ou de ses

225 2037 1879 118 proches parmi les morts et les blessés. Il y a des deuils pour

225 2132 1925 120 toute la France. Le chiffre total des tués, blessés ou disparus

225 2237 1961 115 n'a pas été publié, il dépasse certainement un demi-million, si-

245 2327 1877 130 non plus ; on se console en se disant qu’il est plus élevé dans

240 2426 1938 118 l’armée allemande, puisqu’elle combat sur deux fronts. La Flèche

232 2519 1808 128 a déjà reçu largement sa part de convois de blessés. Je vais

243 2621 1869 125 régulièrement les attendre avec Paul pour les transporter, par

243 2716 1886 123 un va et vient en automobile, de la gare aux hôpitaux. Les der-

235 2810 1787 128 niers,-plus de 600,- sont arrivés en pleine nuit, apr ès des

235 2931 1800 115 heures et des heures d’attente, à la fin d'un voyage de plu-
