2304 3072
143 2 386 126 COPIE

1172.0 140.0 786.0 144.0 Bruxelles, 9 Square Vergote,

1546 271 340 115 6 Aout 1914

775 435 551 112 Mon bien cher ami,

616 634 1588 108 Quel effondrement, en apparence de toutes nos idées

302.0 683.0 1904.0 115.0 et de toutes nos espérances ! Et pourtant, au milieu de la terri-

325.0 747.0 1674.0 92.0 fiante calamité qui nous tient tous haletants, je ne puis

330.0 803.0 1738.0 80.0 n’empêcher de penser au jour où le cauchemar sanglant pren-

320.0 855.0 1720.0 79.0 dra fin. Quel triomphe alors pour nos aspirations les plus

322.0 908.0 1738.0 80.0 hautes ! Car je ne puis croire à la défaite des peuples qui

332.0 957.0 1406.0 90.0 défendent la liberté, la démocratie et le droit.

627 1047 1436 92 Mais quelle infamie que cette attaque contre mon

332.0 1100.0 1759.0 82.0 pauvre petit pays, si heureux, si paisible, si joyeux de vi-

337 1152 1792 81 vre ! rLe voilà impliqué, lui aussi, dans l'horrible aventure,

320.0 1205.0 1812.0 77.0 dans cette lutte géante pour la justice et l'indépendance des

330.0 1256.0 1633.0 77.0 peuples. Mais à quel prix va-t-il paver son audace ! La

350.0 1297.0 1659.0 90.0 dureté impitoyable des troupes Allemandes dépasse tout ce

327 1344 1795 87 que l'on peut imaginer. C'est de la rage sauvage. Ils sont

330.0 1397.0 1810.0 90.0 furieux de se voir arrêtés par notre infime armée, et se dou-

340.0 1448.0 1659.0 90.0 tent que du Sud et de l'Ouest des forces imposantes vont

350.0 1492.0 1698.0 92.0 pouvoir arriver. Par quel sort affreux faut-il que ce soit

350.0 1548.0 1710.0 100.0 toujours sur notre territoire ou dans son voisinage que se

360.0 1602.0 1465.0 97.0 sont réglés les conflits qui ont divisé l’Europe?

647.0 1681.0 1418.0 103.0 Les émotions violentes par lesquelles nous venons

337 1738 1782 97 de passer m'ont fait perdre tout le bénéfice de la cure pro-

360.0 1809.0 809.0 103.0 longée que j'ai faite à Spa.

640.0 2014.0 1295.0 103.0 Des nouvelles terribles m’arrivent de Liège.

353.0 2071.0 1718.0 112.0 C'est le massacre le plus épouvantable que l'on puisse ima-

360.0 2129.0 1662.0 113.0 giner. Le sang coule à flot et la ville est menacée d'un

353.0 2181.0 1636.0 99.0 bombardement pour cette nuit. Se sont réfugiés chez moi

353.0 2219.0 1718.0 108.0 ma belle-mère, qui assiste, à 23 ans, à la ruine de ses en-

371.0 2273.0 1710.0 105.0 fants ; les usines de mes beaux-frères, à Chaudfontaine, ont

353 2319 1779 105 ét complètement détruites par l'artillerie Allemande. Trois

358 2368 1797 99 niéces sont également ici, ainsi que mon beau-frère de Russie

360.0 2419.0 1726.0 105.0 incapable de retourner a Tsaretzune. Impossible de toucher

360 2462 1772 108 une somme quelconque dans les banques. Otlet a ses deux fils

363.0 2513.0 1749.0 111.0 dans la bagarre, mon personnel de l'office central est obli-

386.0 2565.0 1677.0 102.0 gé de marcher. C'est la désorganisation compléte et toutes

363.0 2636.0 911.0 105.0 les souffrances qui vont venir.

1157 2933 419 128 H. LAFONTAINE
