2304 3072
824 89 184 123 - 9 -

163 291 1977 90 sieurs jours couchés sur la paille ou sur des brancards aménagés

166 376 1915 107 dans des wagons à bestiaux,; il faisait froid ; beaucoup d’entre

163 481 1920 107 eux portaient encore leur tenue d'été, des pantalons de toile !

174 588 1940 98 On les descendait avec leurs pansements déjà vieux de plusieurs

176 683 1805 108 jours, épuisés, grelottant, fiévreux ; on n’en finissait pas

153 793 1935 97 de les installer comme on pouvait dans des voitures, des autos

163 870 1913 133 et des chat à-bancs pour les distribuer ensuite dans les hôpi-

161 980 1981 113 taux encombrés ou improvisés. Quand j’ai vu le premier train in-

184 1080 1940 115 terminable se vider ainsi j’ai eu peine à contenir mon désespoir

163 1182 1938 115 devant ces pauvres ruines humaines, toute cette jeunesse sauvée

171 1285 1910 120 peut-être, mais condamnée quand même, pour un bon nombre, à ne

168 1387 1821 113 plus être que des infirmes. Tous ces malheureux décimés par

176 1489 1969 121 la gr èle infernale des mitrailleuses et des obus s’estimaient heu

194 1602 1953 105 reux de ne pas être restés, comme leurs camarades, sur le terrain

181 1689 1774 126 ensevelis sous des ruines ou sous des monceaux de cadavres

194 1809 1941 103 d'hommes et de chevaux, mais la plupart d’entre eux n’en avaient

174 1909 1876 100 pas moins été frappés d'un ou deux, quelquefois trois ou quatre

184 2001 1876 111 projectiles ; et pas un seul ne se plaignait. C’est là ce qu'on

189 2099 1833 117 ne peut pas croire quand on ne l'a pas vu. Toute cette pauvre

199 2193 1936 116 jeunesse humaine se laissait porter sans un mot de récrimination

194 2293 1810 118 et presque tous avec espoir de se guérir pour repartir, pour

194 2385 1838 116 rejoindre leurs camarades et repousser l’envahisseur. Un tr ès

194 2490 1738 108 petit nombre heureusement sont morts. Le dévouement de nos

202 2585 1874 105 mèdecins et de leurs auxiliaires est admirable ; civils ou mili-

197 2675 1881 115 taires, c’est à qui risquera sa vie pour aller, sans gloire, re

194 2759 1718 126 lever des blessés sous les feux croisés des alliés et des

227 2867 1846 115 ennemis, ou bien s’usera dans un service intense, de jour et de
