<?xml version="1.0" encoding="UTF-8"?>
<alto xmlns:xsi="http://www.w3.org/2001/XMLSchema-instance"
	  xmlns="http://www.loc.gov/standards/alto/ns-v4#"
	  xsi:schemaLocation="http://www.loc.gov/standards/alto/ns-v4# https://gitlab.inria.fr/scripta/escriptorium/-/raw/develop/app/escriptorium/static/alto-4-1-baselines.xsd">
  <Description>
	<MeasurementUnit>pixel</MeasurementUnit>
	<sourceImageInformation>
	  <fileName>P1110420.JPG</fileName>
	</sourceImageInformation>
  </Description>
  <Layout>
    <Page WIDTH="2304" HEIGHT="3072" PHYSICAL_IMG_NR="10" ID="eSc_dummypage_">
      <PrintSpace HPOS="0" VPOS="0" WIDTH="2304" HEIGHT="3072">
        
        <TextBlock ID="eSc_dummyblock_">
	      <TextLine ID="eSc_line_349308" BASELINE="1070 107 1203 104 1561 115 1779 125 2045 145 2104 145 2173 153" HPOS="1067" VPOS="43" WIDTH="1103" HEIGHT="146">
            <Shape>
              <Polygon POINTS="1067 104 1080 48 1144 69 1285 61 1320 79 1364 66 1379 74 1436 43 1456 66 1469 58 1507 81 1543 81 1569 66 1579 81 1605 69 1628 87 1707 79 1753 89 1776 79 1804 97 1861 81 1886 107 1920 94 1978 107 1996 92 2012 107 2053 115 2081 107 2104 117 2127 104 2165 125 2170 151 2160 189 2037 166 2004 181 1989 171 1927 189 1894 156 1845 176 1807 153 1771 171 1735 153 1679 153 1635 176 1584 151 1556 161 1530 135 1507 151 1438 143 1408 156 1372 143 1344 151 1318 135 1269 161 1244 140 1210 168 1203 158 1159 158 1128 135 1108 145 1070 138"/>
            </Shape>
	        <String CONTENT="Clermont-Créans (Sarthe) 24 Septembre" HPOS="1067" VPOS="43" WIDTH="1103" HEIGHT="146"></String>
          </TextLine>
        
        
	      <TextLine ID="eSc_line_349309" BASELINE="2012 199 2152 204" HPOS="2012" VPOS="168" WIDTH="140" HEIGHT="88">
            <Shape>
              <Polygon POINTS="2012 199 2017 168 2068 168 2124 176 2152 204 2145 238 2045 256 2014 235"/>
            </Shape>
	        <String CONTENT="1914" HPOS="2012" VPOS="168" WIDTH="140" HEIGHT="88"></String>
          </TextLine>
        
        
	      <TextLine ID="eSc_line_349310" BASELINE="814 455 908 453 944 458" HPOS="814" VPOS="376" WIDTH="130" HEIGHT="112">
            <Shape>
              <Polygon POINTS="814 455 821 384 883 386 908 376 936 404 944 458 931 486 875 488 862 476 819 483"/>
            </Shape>
	        <String CONTENT="N° 6" HPOS="814" VPOS="376" WIDTH="130" HEIGHT="112"></String>
          </TextLine>
        
        
	      <TextLine ID="eSc_line_349323" BASELINE="483 652 517 647 606 647 752 652" HPOS="481" VPOS="563" WIDTH="269" HEIGHT="128">
            <Shape>
              <Polygon POINTS="481 650 486 606 552 563 596 583 614 570 629 588 663 573 744 581 750 650 734 691 645 683 629 668 606 683 537 686 483 673"/>
            </Shape>
	        <String CONTENT="Cher ami" HPOS="481" VPOS="563" WIDTH="269" HEIGHT="128"></String>
          </TextLine>
        
        
	      <TextLine ID="eSc_line_349311" BASELINE="560 852 593 860 688 860 744 865 832 862 1138 876 1319 881 1605 883 1802 896 2024 893 2108 898" HPOS="558" VPOS="826" WIDTH="1548" HEIGHT="108">
            <Shape>
              <Polygon POINTS="558 849 563 826 734 829 747 839 760 829 934 832 970 849 990 834 1039 834 1052 844 1064 834 1205 837 1233 857 1256 839 1372 839 1408 849 1420 842 1451 865 1472 844 1492 842 1520 852 1566 844 1602 872 1646 844 1694 875 1715 860 1756 855 1779 870 1799 849 1840 862 1881 849 1930 875 1950 855 1971 862 1991 852 2032 870 2086 860 2106 896 2099 931 2071 921 1950 924 1930 911 1914 921 1858 921 1845 934 1779 903 1753 919 1715 921 1692 903 1633 919 1602 898 1579 913 1543 901 1505 913 1446 896 1413 919 1354 903 1251 908 1233 890 1221 903 1105 911 1054 885 1026 903 988 903 962 885 885 906 801 888 780 896 755 883 744 893 614 888 560 870"/>
            </Shape>
	        <String CONTENT="Votre longue et bonne lettre du 4 de ce mois m&#39;est" HPOS="558" VPOS="826" WIDTH="1548" HEIGHT="108"></String>
          </TextLine>
        
        
	      <TextLine ID="eSc_line_349312" BASELINE="256 957 442 954 532 960 583 967 806 965 913 977 1246 975 1285 983 1367 988 1528 985 1815 998 2116 1001" HPOS="256" VPOS="872" WIDTH="1858" HEIGHT="162">
            <Shape>
              <Polygon POINTS="256 954 263 880 320 893 345 872 373 896 432 888 483 924 524 896 547 903 591 885 627 898 645 888 691 896 709 911 734 896 796 890 832 890 893 913 921 896 957 893 995 906 1008 896 1049 898 1095 916 1128 901 1205 901 1254 916 1351 903 1387 908 1433 949 1469 952 1484 942 1505 960 1530 939 1559 936 1600 957 1633 957 1697 942 1748 972 1832 931 1945 985 1986 952 2009 965 2035 947 2063 970 2101 970 2114 1000 2081 1029 1966 1026 1953 1016 1943 1026 1797 1021 1768 1034 1743 1013 1587 1021 1569 1008 1536 1016 1510 1003 1492 1013 1415 1013 1379 1008 1359 990 1336 1006 1228 1011 1172 990 1139 1013 1123 1003 1095 1011 960 1000 936 985 908 1003 867 990 844 1006 793 990 742 998 724 983 706 995 660 995 624 975 601 993 565 995 535 983 261 985"/>
            </Shape>
	        <String CONTENT="parvenu le 21 ici, à Créans, comme vous l’aviez prévu. Nous" HPOS="256" VPOS="872" WIDTH="1858" HEIGHT="162"></String>
          </TextLine>
        
        
	      <TextLine ID="eSc_line_349313" BASELINE="253 1059 286 1057 340 1062 432 1062 599 1070 816 1067 952 1080 1111 1077 1223 1080 1323 1090 1600 1088 1699 1100 2073 1098 2140 1105" HPOS="253" VPOS="990" WIDTH="1887" HEIGHT="146">
            <Shape>
              <Polygon POINTS="253 1059 258 1008 304 990 460 990 486 1011 512 990 606 1003 619 993 711 995 729 1011 762 993 819 1006 888 998 921 1016 952 998 975 1008 1052 1000 1075 1006 1136 1057 1162 1036 1205 1049 1241 1034 1254 1044 1305 1041 1326 1057 1346 1047 1418 1047 1497 1077 1556 1031 1653 1075 1702 1057 1743 1077 1761 1062 1848 1064 1863 1052 1891 1067 1930 1067 1950 1052 1989 1082 2014 1062 2055 1070 2071 1059 2086 1072 2127 1039 2140 1105 2132 1131 2109 1134 2014 1128 1986 1116 1966 1131 1873 1121 1832 1134 1792 1121 1766 1136 1740 1116 1694 1123 1658 1113 1628 1123 1500 1105 1466 1123 1367 1108 1351 1116 1336 1100 1198 1111 1103 1108 1077 1095 1044 1116 1024 1108 1008 1118 983 1098 878 1108 803 1095 765 1105 719 1085 673 1098 542 1095 499 1080 422 1095 343 1095 317 1082 258 1090"/>
            </Shape>
	        <String CONTENT="l&#39;avons lue en famille, €et€ à haute voix, avec un profond inté-" HPOS="253" VPOS="990" WIDTH="1887" HEIGHT="146"></String>
          </TextLine>
        
        
	      <TextLine ID="eSc_line_349314" BASELINE="258 1154 317 1164 542 1172 793 1169 880 1177 921 1185 947 1180 1169 1180 1415 1192 1623 1192 1725 1198 1751 1205 1781 1200 2106 1200 2163 1208" HPOS="258" VPOS="1093" WIDTH="1905" HEIGHT="146">
            <Shape>
              <Polygon POINTS="258 1154 271 1095 296 1113 325 1093 376 1103 486 1095 519 1118 570 1093 611 1116 640 1095 665 1105 729 1093 762 1118 793 1098 870 1105 880 1116 934 1100 960 1111 977 1103 1047 1154 1116 1136 1164 1162 1210 1128 1236 1149 1287 1136 1323 1164 1359 1139 1415 1157 1454 1144 1502 1164 1538 1139 1582 1162 1635 1159 1674 1185 1710 1162 1786 1162 1815 1182 1889 1162 1920 1182 1955 1154 2014 1180 2035 1164 2083 1175 2101 1162 2135 1162 2155 1169 2163 1208 2155 1228 2132 1239 2037 1231 2009 1216 1953 1236 1920 1218 1889 1239 1830 1210 1807 1228 1738 1228 1687 1208 1643 1239 1592 1218 1530 1218 1510 1203 1472 1218 1408 1218 1395 1208 1354 1228 1320 1203 1264 1216 1203 1210 1175 1195 1141 1213 1116 1200 1067 1208 1049 1192 947 1210 898 1185 872 1205 775 1200 762 1210 734 1195 650 1203 622 1180 596 1198 491 1198 468 1180 417 1198 371 1182 358 1192 263 1187"/>
            </Shape>
	        <String CONTENT="rêt et avec émotion : elle m&#39;a fait grand bien, car, si je dois" HPOS="258" VPOS="1093" WIDTH="1905" HEIGHT="146"></String>
          </TextLine>
        
        
	      <TextLine ID="eSc_line_349315" BASELINE="248 1267 286 1262 340 1262 366 1267 468 1269 501 1277 563 1272 834 1272 939 1280 1285 1282 1344 1290 1461 1295 1832 1300 1986 1305 2071 1305 2101 1297" HPOS="245" VPOS="1190" WIDTH="1854" HEIGHT="141">
            <Shape>
              <Polygon POINTS="245 1264 253 1198 263 1190 304 1200 335 1228 368 1200 455 1200 471 1190 512 1210 532 1195 586 1203 614 1226 642 1203 724 1198 765 1226 788 1205 816 1210 837 1200 867 1210 885 1200 993 1213 1100 1208 1139 1239 1172 1236 1203 1262 1231 1241 1259 1249 1274 1236 1297 1254 1326 1236 1382 1272 1410 1254 1487 1259 1536 1244 1571 1262 1648 1249 1681 1277 1710 1256 1745 1267 1766 1256 1832 1274 1861 1254 1876 1269 1889 1262 1904 1272 1978 1272 2019 1249 2055 1269 2091 1272 2099 1295 2078 1328 1994 1331 1904 1328 1894 1318 1861 1328 1830 1313 1812 1323 1707 1326 1679 1308 1658 1323 1441 1320 1384 1300 1364 1315 1305 1315 1287 1303 1251 1318 1218 1313 1200 1295 1172 1310 1108 1315 1039 1305 1006 1313 965 1297 944 1308 901 1297 832 1310 788 1303 770 1287 737 1305 698 1303 683 1290 650 1305 537 1303 478 1295 463 1282 440 1300 322 1297 266 1292 250 1280"/>
            </Shape>
	        <String CONTENT="donner autour de moi l’exemple de la confiance dans l’avenir" HPOS="245" VPOS="1190" WIDTH="1854" HEIGHT="141"></String>
          </TextLine>
        
        
	      <TextLine ID="eSc_line_349316" BASELINE="271 1367 396 1364 591 1377 888 1374 931 1382 1029 1387 1374 1387 1594 1397 1797 1395 1958 1402 1986 1410 2017 1405 2081 1408 2173 1400" HPOS="268" VPOS="1300" WIDTH="1902" HEIGHT="146">
            <Shape>
              <Polygon POINTS="268 1364 273 1303 299 1323 337 1303 363 1323 391 1300 409 1300 453 1326 486 1303 616 1303 709 1351 750 1338 796 1303 855 1323 890 1308 944 1313 977 1303 1011 1331 1044 1305 1095 1318 1231 1313 1318 1369 1344 1349 1400 1356 1451 1338 1477 1356 1492 1349 1538 1359 1553 1346 1592 1377 1646 1354 1658 1364 1717 1359 1738 1379 1756 1367 1815 1369 1827 1359 1886 1359 1907 1374 1940 1354 1971 1382 2001 1367 2055 1374 2076 1361 2163 1379 2170 1397 2163 1425 2137 1438 2073 1433 2058 1446 1976 1420 1958 1431 1909 1420 1784 1423 1753 1433 1730 1415 1692 1425 1584 1413 1518 1431 1492 1415 1382 1420 1320 1408 1244 1413 1218 1425 1190 1402 1136 1415 990 1402 949 1413 921 1402 880 1405 860 1420 826 1395 755 1413 714 1400 701 1410 657 1400 604 1408 563 1395 512 1415 481 1397 435 1405 396 1390 368 1402 335 1392 273 1397"/>
            </Shape>
	        <String CONTENT="vous comprenez que je n’arrive pas toujours sans peine à refou-" HPOS="268" VPOS="1300" WIDTH="1902" HEIGHT="146"></String>
          </TextLine>
        
        
	      <TextLine ID="eSc_line_349317" BASELINE="243 1466 616 1479 908 1477 1057 1489 1367 1487 1559 1497 2045 1497 2071 1502 2112 1502" HPOS="240" VPOS="1397" WIDTH="1872" HEIGHT="151">
            <Shape>
              <Polygon POINTS="240 1464 250 1402 281 1413 309 1397 394 1415 422 1402 445 1413 488 1402 517 1418 547 1402 588 1413 619 1438 663 1410 793 1410 842 1441 878 1438 911 1410 936 1408 1008 1410 1034 1425 1075 1413 1192 1410 1218 1431 1246 1418 1277 1428 1305 1413 1402 1413 1497 1420 1551 1459 1566 1446 1587 1461 1623 1448 1676 1479 1728 1451 1763 1479 1784 1461 1863 1464 1881 1479 1909 1461 1943 1472 2037 1461 2101 1477 2112 1500 2104 1525 2083 1523 2065 1536 1991 1528 1963 1548 1937 1528 1914 1538 1891 1515 1861 1528 1776 1525 1758 1512 1748 1523 1697 1525 1676 1507 1656 1520 1546 1528 1497 1510 1482 1520 1415 1512 1364 1523 1346 1507 1290 1525 1249 1505 1233 1515 1088 1518 1072 1505 1057 1515 990 1512 952 1495 916 1510 890 1492 842 1518 821 1502 762 1507 739 1495 719 1505 552 1500 517 1510 463 1489 442 1505 386 1500 366 1479 322 1507 271 1505 245 1489"/>
            </Shape>
	        <String CONTENT="ler ma douleur. Il y a des jours où j’ai honte de mon impuis-" HPOS="240" VPOS="1397" WIDTH="1872" HEIGHT="151"></String>
          </TextLine>
        
        
	      <TextLine ID="eSc_line_349318" BASELINE="268 1566 448 1571 550 1576 576 1582 1011 1579 1123 1592 1484 1589 1771 1602 2065 1597" HPOS="268" VPOS="1500" WIDTH="1797" HEIGHT="140">
            <Shape>
              <Polygon POINTS="268 1566 273 1510 294 1505 407 1536 460 1500 494 1518 576 1507 596 1515 609 1505 655 1512 686 1502 729 1530 757 1510 785 1518 816 1507 855 1533 878 1512 954 1520 1029 1507 1128 1566 1164 1541 1223 1571 1259 1551 1285 1553 1313 1576 1372 1525 1387 1525 1448 1561 1495 1553 1525 1576 1559 1551 1569 1561 1584 1551 1615 1576 1638 1559 1702 1576 1730 1553 1789 1582 1815 1559 1827 1569 1848 1559 1896 1569 1945 1548 1978 1579 2027 1559 2065 1597 2058 1620 2024 1640 1971 1610 1948 1628 1843 1630 1794 1620 1771 1635 1722 1630 1704 1615 1661 1633 1633 1628 1615 1610 1592 1625 1530 1607 1512 1620 1382 1623 1310 1610 1277 1625 1241 1620 1221 1602 1159 1620 1136 1605 1080 1617 942 1612 916 1600 875 1625 852 1607 727 1607 706 1594 642 1612 611 1592 593 1605 542 1605 522 1587 488 1607 478 1597 445 1605 424 1587 373 1610 273 1597"/>
            </Shape>
	        <String CONTENT="sance et où je désesp èrerais de la raison et de la bonté si" HPOS="268" VPOS="1500" WIDTH="1797" HEIGHT="140"></String>
          </TextLine>
        
        
	      <TextLine ID="eSc_line_349319" BASELINE="240 1676 307 1671 442 1679 545 1679 573 1684 1080 1681 1118 1689 1180 1694 1717 1692 1748 1697 1891 1699 1945 1704 2102 1704" HPOS="238" VPOS="1605" WIDTH="1863" HEIGHT="135">
            <Shape>
              <Polygon POINTS="238 1674 243 1646 294 1612 455 1612 478 1633 517 1605 532 1617 588 1612 627 1640 663 1610 752 1607 803 1646 829 1640 855 1617 888 1633 916 1610 926 1620 1095 1612 1111 1623 1136 1612 1154 1628 1228 1612 1354 1628 1474 1617 1556 1643 1628 1633 1740 1643 1786 1635 1817 1640 1899 1692 1932 1669 2022 1661 2073 1669 2101 1702 2037 1740 1996 1725 1937 1730 1909 1712 1876 1738 1856 1725 1763 1725 1733 1712 1712 1722 1605 1715 1543 1730 1518 1710 1502 1720 1400 1728 1267 1717 1254 1707 1231 1722 1180 1720 1152 1699 1128 1720 1113 1712 1052 1722 1031 1707 977 1717 960 1707 896 1710 875 1722 857 1710 721 1707 701 1694 663 1717 640 1704 599 1715 570 1697 522 1717 448 1702 432 1710 404 1697 353 1710 332 1697 291 1699 263 1712 243 1694"/>
            </Shape>
	        <String CONTENT="je n&#39;étais pas réconforté par la fidélité de mes amis, comme" HPOS="238" VPOS="1605" WIDTH="1863" HEIGHT="135"></String>
          </TextLine>
        
        
	      <TextLine ID="eSc_line_349320" BASELINE="250 1771 407 1776 437 1771 483 1781 517 1781 542 1786 1123 1784 1218 1792 1282 1792 1313 1797 2017 1794 2050 1799" HPOS="250" VPOS="1704" WIDTH="1800" HEIGHT="136">
            <Shape>
              <Polygon POINTS="250 1771 256 1717 273 1715 296 1735 330 1707 376 1717 440 1766 540 1704 588 1745 637 1717 686 1717 724 1743 762 1715 791 1720 808 1710 857 1712 880 1733 898 1717 949 1715 977 1738 1000 1717 1016 1722 1029 1712 1049 1722 1100 1715 1126 1738 1159 1717 1221 1720 1231 1730 1249 1715 1297 1756 1351 1756 1387 1784 1456 1728 1515 1720 1610 1784 1666 1756 1704 1761 1728 1743 1776 1768 1815 1766 1843 1745 1881 1779 1902 1761 1943 1763 1955 1753 1989 1768 2027 1763 2050 1799 2040 1827 1966 1830 1932 1817 1889 1827 1871 1815 1856 1827 1799 1832 1676 1822 1635 1840 1607 1817 1592 1827 1538 1827 1518 1809 1497 1825 1415 1832 1392 1812 1367 1830 1349 1817 1269 1815 1203 1825 1169 1812 1144 1817 1126 1802 1067 1822 1034 1804 1008 1822 970 1812 913 1817 888 1794 860 1817 663 1809 640 1792 614 1809 578 1812 542 1792 476 1815 450 1794 417 1817 378 1804 335 1812 325 1802 256 1809"/>
            </Shape>
	        <String CONTENT="aussi, je ne saurais trop le répéter, par la grandeur d&#39;âme" HPOS="250" VPOS="1704" WIDTH="1800" HEIGHT="136"></String>
          </TextLine>
        
        
	      <TextLine ID="eSc_line_349321" BASELINE="261 1876 555 1876 1244 1886 1297 1894 1413 1894 1446 1899 1899 1899 2019 1891" HPOS="258" VPOS="1807" WIDTH="1759" HEIGHT="133">
            <Shape>
              <Polygon POINTS="258 1873 263 1843 289 1848 348 1815 389 1809 427 1827 506 1827 519 1817 560 1853 596 1822 627 1822 650 1807 680 1825 698 1820 724 1843 755 1817 796 1827 832 1815 880 1840 903 1820 929 1827 962 1815 1013 1825 1039 1815 1057 1825 1090 1820 1126 1848 1157 1822 1180 1822 1223 1856 1256 1856 1277 1873 1303 1850 1387 1856 1400 1845 1418 1858 1459 1845 1489 1873 1507 1861 1635 1866 1653 1850 1674 1863 1735 1863 1763 1845 1838 1881 1891 1858 1917 1868 1986 1861 2007 1868 2017 1889 2009 1920 1991 1932 1861 1932 1840 1914 1802 1935 1666 1930 1635 1909 1612 1927 1592 1922 1556 1935 1543 1925 1512 1940 1484 1922 1441 1930 1367 1907 1344 1920 1295 1920 1274 1902 1251 1920 1185 1922 1159 1909 1123 1922 1100 1909 811 1914 791 1896 744 1922 721 1909 693 1909 680 1922 634 1912 604 1920 578 1902 552 1914 494 1904 481 1917 368 1907 348 1907 327 1925 294 1907 263 1917"/>
            </Shape>
	        <String CONTENT="populaire. Depuis deux mois l&#39;âme de mon pays semble avoir" HPOS="258" VPOS="1807" WIDTH="1759" HEIGHT="133"></String>
          </TextLine>
        
        
	      <TextLine ID="eSc_line_349322" BASELINE="261 1981 445 1978 506 1986 599 1986 629 1991 1256 1991 1349 1986 1387 1996 1487 2001 2004 1999 2071 2004" HPOS="261" VPOS="1912" WIDTH="1810" HEIGHT="125">
            <Shape>
              <Polygon POINTS="261 1981 266 1920 286 1914 399 1937 440 1917 514 1932 529 1920 624 1912 680 1927 791 1920 821 1945 860 1914 926 1932 949 1917 1088 1917 1141 1960 1210 1948 1254 1963 1303 1922 1333 1927 1361 1953 1400 1940 1451 1971 1528 1950 1610 1968 1640 1948 1658 1963 1702 1950 1745 1971 1774 1955 1789 1963 1861 1950 1922 1976 1984 1950 1996 1960 2063 1963 2071 2004 2060 2027 2017 2035 1922 2017 1904 2032 1792 2027 1751 2009 1725 2030 1651 2024 1620 2035 1536 2022 1469 2032 1446 2019 1384 2037 1333 2022 1269 2022 1246 2001 1221 2019 1172 2024 1152 2012 1131 2022 924 2014 862 2024 821 1999 796 2014 670 2022 593 2012 576 1999 509 2022 478 1996 442 2024 424 2012 407 2027 389 2012 309 2007 266 2019"/>
            </Shape>
	        <String CONTENT="grandi; un malheur individuel ne compte plus pour elle ; nous" HPOS="261" VPOS="1912" WIDTH="1810" HEIGHT="125"></String>
          </TextLine>
        
        
	      <TextLine ID="eSc_line_349326" BASELINE="238 2083 711 2081 739 2086 929 2086 1054 2094 1300 2088" HPOS="238" VPOS="2017" WIDTH="1062" HEIGHT="118">
            <Shape>
              <Polygon POINTS="238 2083 245 2048 286 2040 325 2063 348 2040 366 2050 424 2050 445 2035 471 2053 509 2027 529 2048 545 2045 570 2019 614 2032 634 2017 670 2030 744 2017 768 2035 788 2022 832 2032 947 2017 985 2032 1011 2024 1029 2040 1052 2019 1213 2024 1251 2060 1292 2058 1300 2088 1292 2124 1249 2129 1185 2117 1144 2127 1077 2117 1018 2127 993 2117 893 2124 855 2106 837 2119 747 2129 719 2106 680 2124 622 2119 593 2132 560 2109 430 2132 417 2122 399 2135 322 2091 302 2109 261 2119 240 2112"/>
            </Shape>
	        <String CONTENT="ne sentons plus que collectivement" HPOS="238" VPOS="2017" WIDTH="1062" HEIGHT="118"></String>
          </TextLine>
        
        
	      <TextLine ID="eSc_line_349327" BASELINE="545 2178 1034 2196 1631 2200 1910 2199 2082 2199" HPOS="542" VPOS="2112" WIDTH="1539" HEIGHT="122">
            <Shape>
              <Polygon POINTS="542 2176 547 2117 565 2132 606 2137 645 2122 686 2142 716 2122 826 2122 860 2152 908 2119 924 2129 972 2122 998 2147 1031 2122 1098 2119 1149 2160 1172 2158 1213 2124 1244 2145 1267 2122 1320 2132 1451 2124 1482 2152 1518 2122 1533 2129 1548 2119 1574 2142 1607 2112 1643 2129 1661 2117 1692 2117 1748 2176 1776 2163 1820 2168 1838 2155 1886 2168 1955 2163 1978 2181 2012 2150 2081 2196 2053 2227 1996 2232 1976 2211 1958 2227 1871 2234 1856 2224 1758 2234 1738 2214 1722 2224 1681 2222 1661 2206 1630 2229 1530 2222 1441 2234 1408 2222 1313 2227 1295 2209 1277 2227 1223 2216 1185 2229 1149 2204 1128 2222 1098 2227 1077 2216 931 2227 903 2204 860 2234 826 2219 803 2227 778 2209 755 2224 737 2214 696 2229 660 2216 642 2232 614 2216 545 2216"/>
            </Shape>
	        <String CONTENT="puisque mes lettres vous intéressent et puisque la" HPOS="542" VPOS="2112" WIDTH="1539" HEIGHT="122"></String>
          </TextLine>
        
        
	      <TextLine ID="eSc_line_349329" BASELINE="248 2286 872 2286 898 2291 1077 2293 1108 2298 2125 2301" HPOS="245" VPOS="2209" WIDTH="1879" HEIGHT="133">
            <Shape>
              <Polygon POINTS="245 2283 250 2245 263 2234 312 2240 343 2227 371 2237 404 2224 430 2240 453 2227 496 2257 537 2229 583 2255 629 2255 675 2250 727 2219 762 2229 778 2216 803 2232 857 2237 878 2222 1013 2234 1044 2222 1100 2257 1144 2232 1182 2229 1223 2252 1269 2227 1313 2237 1338 2229 1405 2265 1489 2263 1533 2227 1620 2229 1658 2209 1681 2227 1699 2224 1789 2288 1832 2252 1891 2280 1925 2257 1981 2265 2032 2250 2124 2298 2101 2298 2048 2327 1935 2321 1920 2332 1889 2306 1832 2334 1797 2314 1758 2329 1615 2327 1564 2311 1548 2324 1443 2337 1408 2319 1354 2324 1333 2342 1295 2316 1272 2329 1216 2321 1198 2332 1090 2324 1080 2314 916 2316 903 2327 890 2316 791 2314 770 2327 719 2306 675 2327 624 2316 606 2332 496 2309 427 2332 345 2316 304 2329 250 2319"/>
            </Shape>
	        <String CONTENT="distance n’aura rendu notre accord que plus étroit, je conti-" HPOS="245" VPOS="2209" WIDTH="1879" HEIGHT="133"></String>
          </TextLine>
        
        
	      <TextLine ID="eSc_line_349330" BASELINE="230 2391 1036 2388 1062 2393 1228 2396 1262 2401 2135 2396" HPOS="230" VPOS="2316" WIDTH="1905" HEIGHT="126">
            <Shape>
              <Polygon POINTS="230 2391 238 2355 294 2329 340 2334 355 2321 412 2352 445 2329 460 2339 483 2332 514 2355 550 2362 640 2324 665 2342 693 2327 727 2334 739 2324 837 2334 860 2319 921 2329 949 2352 1024 2321 1049 2334 1064 2327 1100 2355 1182 2360 1195 2350 1210 2355 1244 2329 1277 2332 1323 2357 1364 2327 1446 2344 1561 2316 1612 2355 1684 2360 1710 2380 1738 2360 1794 2362 1845 2342 1881 2365 1920 2360 1948 2383 1976 2360 2012 2370 2032 2360 2063 2380 2106 2344 2127 2357 2135 2396 2127 2432 2099 2442 2058 2416 1978 2439 1948 2416 1884 2437 1863 2424 1728 2421 1712 2408 1664 2429 1620 2408 1566 2429 1502 2416 1410 2429 1315 2429 1287 2419 1149 2426 1108 2406 1082 2426 972 2414 944 2424 865 2421 844 2406 806 2432 739 2408 683 2429 614 2419 586 2429 560 2408 527 2429 427 2414 384 2424 343 2403 309 2429 294 2416 235 2416"/>
            </Shape>
	        <String CONTENT="nue à vous tenir au courant. Cette lettre est la sixième que je" HPOS="230" VPOS="2316" WIDTH="1905" HEIGHT="126"></String>
          </TextLine>
        
        
	      <TextLine ID="eSc_line_349331" BASELINE="235 2485 268 2493 1648 2490 2078 2498" HPOS="235" VPOS="2419" WIDTH="1843" HEIGHT="120">
            <Shape>
              <Polygon POINTS="235 2485 240 2432 263 2449 294 2424 307 2434 340 2434 355 2421 514 2426 570 2462 624 2424 670 2434 698 2426 739 2455 791 2452 816 2429 842 2449 878 2421 916 2426 952 2452 1000 2419 1041 2434 1054 2426 1131 2485 1167 2455 1208 2462 1259 2426 1287 2449 1331 2460 1359 2457 1377 2442 1410 2460 1436 2447 1487 2488 1546 2442 1589 2478 1620 2455 1661 2447 1704 2475 1743 2444 1807 2465 1827 2455 1853 2475 1912 2444 1950 2465 1968 2455 2035 2462 2071 2480 2078 2498 2053 2539 2019 2524 1858 2513 1825 2526 1717 2529 1702 2516 1671 2526 1592 2511 1546 2526 1502 2506 1464 2534 1448 2524 1341 2524 1323 2508 1295 2524 1249 2511 1205 2529 1157 2524 1136 2508 1121 2521 1093 2516 1062 2529 1047 2519 954 2513 890 2524 865 2503 844 2521 808 2526 773 2511 670 2519 652 2531 565 2511 542 2529 524 2519 256 2521 240 2511"/>
            </Shape>
	        <String CONTENT="vous écris depuis le 15 Août, Apr ès tout, il est plus facile," HPOS="235" VPOS="2419" WIDTH="1843" HEIGHT="120"></String>
          </TextLine>
        
        
	      <TextLine ID="eSc_line_349328" BASELINE="253 2588 348 2595 1971 2593 2030 2598" HPOS="253" VPOS="2521" WIDTH="1777" HEIGHT="118">
            <Shape>
              <Polygon POINTS="253 2588 261 2547 314 2567 340 2549 358 2554 389 2529 483 2557 501 2572 576 2524 619 2524 670 2560 693 2549 775 2552 826 2583 872 2544 896 2554 929 2526 993 2521 1011 2536 1031 2524 1064 2552 1095 2560 1292 2557 1320 2580 1341 2562 1382 2557 1425 2570 1456 2547 1472 2560 1564 2554 1574 2565 1615 2549 1648 2562 1669 2547 1689 2565 1771 2562 1792 2575 1832 2539 1894 2565 1912 2552 1937 2565 2007 2565 2030 2598 2022 2624 1907 2626 1881 2613 1830 2631 1792 2608 1715 2631 1687 2621 1543 2624 1528 2613 1507 2624 1466 2613 1446 2626 1344 2626 1318 2608 1264 2629 1177 2618 1128 2629 965 2621 929 2600 903 2618 862 2618 837 2606 814 2626 785 2616 757 2616 742 2629 696 2618 665 2639 588 2611 565 2626 529 2629 512 2616 496 2626 419 2626 317 2613 258 2626"/>
            </Shape>
	        <String CONTENT="en temps de guerre, de correspondre avec l&#39;Amérique qu’avec" HPOS="253" VPOS="2521" WIDTH="1777" HEIGHT="118"></String>
          </TextLine>
        
        
	      <TextLine ID="eSc_line_349324" BASELINE="227 2680 389 2688 1003 2685 1029 2690 1303 2690 1395 2695" HPOS="227" VPOS="2618" WIDTH="1168" HEIGHT="118">
            <Shape>
              <Polygon POINTS="227 2680 232 2631 276 2621 304 2639 327 2626 478 2624 517 2657 537 2647 565 2657 599 2624 614 2636 642 2626 673 2657 686 2649 721 2662 780 2618 791 2629 867 2618 908 2652 967 2654 990 2654 1026 2618 1116 2624 1175 2659 1210 2659 1221 2649 1236 2659 1251 2644 1285 2647 1338 2621 1390 2659 1395 2695 1379 2726 1269 2721 1249 2731 1208 2718 1131 2731 1118 2718 1006 2716 970 2736 916 2716 849 2721 811 2708 760 2721 709 2708 614 2731 583 2718 522 2731 491 2711 404 2731 384 2716 258 2726 230 2708"/>
            </Shape>
	        <String CONTENT="bien des points du continent Européen." HPOS="227" VPOS="2618" WIDTH="1168" HEIGHT="118"></String>
          </TextLine>
        
        
	      <TextLine ID="eSc_line_349325" BASELINE="535 2790 1996 2787 2022 2792 2081 2795" HPOS="535" VPOS="2718" WIDTH="1546" HEIGHT="126">
            <Shape>
              <Polygon POINTS="535 2790 537 2731 563 2723 622 2739 650 2721 688 2726 716 2754 747 2749 770 2772 788 2754 826 2749 844 2759 860 2746 872 2759 919 2718 957 2749 990 2723 1024 2749 1057 2721 1098 2759 1136 2744 1180 2782 1233 2746 1295 2754 1315 2744 1351 2757 1374 2744 1390 2752 1402 2739 1446 2762 1525 2749 1569 2785 1602 2752 1646 2762 1676 2746 1687 2754 1702 2739 1717 2739 1753 2775 1786 2752 1856 2762 1873 2777 1920 2757 1981 2752 2004 2764 2030 2744 2058 2759 2081 2795 2073 2818 2035 2821 2017 2836 1994 2823 1968 2836 1935 2823 1914 2844 1876 2805 1850 2821 1797 2823 1576 2813 1551 2828 1515 2821 1502 2833 1487 2821 1400 2810 1384 2823 1310 2831 1292 2821 1213 2821 1192 2805 1164 2828 1131 2818 911 2826 870 2810 821 2823 775 2810 693 2818 660 2841 599 2808 568 2828 537 2818"/>
            </Shape>
	        <String CONTENT="L’union se maintient, malgré tout, entre les alliés" HPOS="535" VPOS="2718" WIDTH="1546" HEIGHT="126"></String>
          </TextLine>
        
        
	      <TextLine ID="eSc_line_349529" BASELINE="224 2885 2055 2889" HPOS="222" VPOS="2826" WIDTH="1831" HEIGHT="115">
            <Shape>
              <Polygon POINTS="222 2882 245 2854 296 2854 309 2844 325 2856 453 2862 465 2851 522 2867 550 2849 642 2859 678 2844 714 2856 747 2846 783 2851 821 2877 862 2846 903 2854 921 2869 960 2844 1039 2867 1126 2846 1205 2859 1246 2826 1264 2826 1303 2859 1379 2854 1415 2885 1451 2859 1523 2851 1548 2872 1605 2849 1633 2872 1651 2856 1694 2849 1758 2869 1781 2856 1884 2859 1904 2846 1920 2859 1986 2851 2053 2887 1978 2941 1937 2931 1920 2941 1858 2938 1835 2918 1776 2920 1756 2903 1707 2933 1635 2908 1566 2918 1543 2903 1520 2920 1448 2920 1425 2910 1377 2936 1354 2920 1274 2923 1254 2908 1239 2920 1172 2928 1044 2910 995 2931 921 2903 903 2918 814 2915 783 2928 768 2918 714 2918 675 2931 596 2918 468 2933 453 2920 396 2915 304 2931 286 2918 227 2915"/>
            </Shape>
	        <String CONTENT="entre les Français. Je dis malgré tout, car on n’y comptait" HPOS="222" VPOS="2826" WIDTH="1831" HEIGHT="115"></String>
          </TextLine>
        </TextBlock>
        
      </PrintSpace>
    </Page>
  </Layout>
</alto>
