2304 3072
829.0 66.0 177.0 95.0 - 8 -

243.0 248.0 1758.0 138.0 résolue les pires problèmes d'où la paix générale dépend, et

245.0 368.0 1759.0 118.0 avec ces problèmes celui des armements qu’il n'y aurait plus

256.0 455.0 1899.0 144.0 ni humiliation ni danger pour personne à réduire, si la réduction

258.0 565.0 1710.0 128.0 générale, s'étendant jusqu’au Japon et secondée par toutes

263.0 663.0 1685.0 151.0 les Républiques/du nouveau monde, était consentie par tous.

591.0 757.0 1492.0 131.0 Certes un tel accord sera laborieux ; il effraiera la

284.0 855.0 1804.0 145.0 diplomatie, mais en dehors de cet accord je ne vois rien quune

296.0 944.0 1734.0 151.0 guerre per/pétuelle en perspective, et les révolutions inté-

299.0 1080.0 853.0 120.0 rieures et la ruine générale.

599.0 1136.0 1530.0 146.0 Notre Conciliation sera dans son rôle en préconisant

320.0 1239.0 1738.0 156.0 et en facilitant de tout son pouvoir cet accord, cet immense

320.0 1367.0 878.0 166.0 progrès, cette oeuvre de salut.

975.0 1489.0 663.0 141.0 Affectueusement à vous.
