2304 3072
798.0 23.0 179.0 110.0 - 6 -

151.0 140.0 2001.0 215.0 les Etats-Unis d’Europe, avec le désarmement, ou tout au moins

143.0 281.0 2002.0 179.0 les armements limités à ceux d’une force collective de police.

488.0 419.0 1462.0 139.0 Si tel doit être le dénouement de la tragédie,

166.0 519.0 1864.0 141.0 c'est assez dire que l’humanité reprendra sa route dans la

151.0 637.0 1953.0 138.0 voie où nous voulions et où on pouvait l’engager sans guerre.

512.0 770.0 1425.0 102.0 Rien, dans les catastrophes actuelles, ne nous

174.0 870.0 1930.0 113.0 donne tort ; tout au contraire, justifie notre dévouement pas-

184.0 975.0 1971.0 110.0 sioné, notre vision des malheurs que nous avons voulu prévenir

192.0 1088.0 1940.0 102.0 Notre seul tort aura été d’avoir raison en trop petit nombre.

202.0 1187.0 1963.0 113.0 Si les égoïstes qui, maintenant, vont se plaindre avaient grou-

204.0 1287.0 1869.0 126.0 pé leurs forces autour de nous contre les puissances de men-

202.0 1397.0 1912.0 118.0 songe et de domination, la guerre n’aurait été ni possible ni

225.0 1500.0 1779.0 115.0 concevable. Votre généreux pays est moins égoïste et plus

232.0 1602.0 1885.0 123.0 clairvoyant que le vieux monde ; ce sera son honneur et sa ré-

212.0 1722.0 1068.0 105.0 compense, dans un avenir prochain.

540.0 1794.0 1664.0 136.0 Ecrivez moi en duplicata à Paris et à Clermont-Créans.

993.0 1907.0 865.0 107.0 Votre affectueusement dévoué

1128.0 2063.0 820.0 115.0 D'ESTOURNELLES DE CONSTANT

10.0 2362.0 1426.0 136.0 à Monsieur le Président Nicholas Murray BUTLER

427.0 2449.0 277.0 75.0 NEW-YORK
