1920 2560
66 85 635 119 Annexe à ma lettre N° 498.

405 247 764 115 COPIE de la LETTRE ADRESÉE PAR

467 343 1049 90 M. Alberto d'OLIVEIRA, Ministre du Portugal

518 424 1126 92 à M. le Président d'ESTOURNELLES de CONSTANT .

1094 565 482 89 PARIS, 12 Mars 1919.

740 776 708 83 Mon cher Baron d'Estournelles,

652 949 1133 111 Je constate que personne n’a été nommé jusqu’ici

416 1019 1314 124 comme représentant du Portugal dans la Dotation Carnegie,

407 1109 1389 124 à la place de M. le Dr. J. de PAÏVA, décédé il y a quelques

409 1177 1255 137 anées. Je me permets donc de vous proposer, pour lui

409 1262 1380 128 accéder, mon ami le Comte de PENHA-GARCIA, ancien Ministre

418 1339 1307 109 des Finances, ancien Président de la Chambre des Députés

411 1416 1361 111 membre de la Cour Permanente d'Arbitrage de La Haye. M. de

416 1486 1324 118 PENHA-GARCIA a pris part, à diverses reprises, aux confé-

416 1568 1262 108 rences inter-parlementaires de la paix ; (je crois même

424 1642 1293 120 qu'il était un des membres de leur comité Exécutif. Il

426 1713 1323 117 est, non seulement un homme d'Etat éminent, mais aussi un

452 1794 1312 104 conférencier en langue française très distingué, qui s’est

441 1860 1327 111 fait apprécier comme tel à Paris à Bordeaux à Bruxelles.

441 1905 1365 100 Il a autrefois été un brillant élève de l'Ecole des Sciences

441 1952 1321 89 politiques de Paris, avec laquelle il est toujours en rap-

452 1977 1329 105 mprts suivis. Enfin, il habite Genève, ( Villa "le crillon"

467 2018 1271 106 28, chemin des Cottages ) ; il est ainsi tout près de vous

450 2058 1303 90 et pourra rendre à votre cause des services bien plus ef-

448 2088 1373 111 fectifs que moi-même, toujours errant par monts et par vaux.

733 2120 1001 124 Je compte donc que ma suggestion sera agréée,

475 2195 333 64 dans l'intérêt

460 2197 1304 100 de croire mon cher sénateur et ami, à mes sentiments les

827 2158 994 84 surtout de la Dotation Carnegie et vous prie

480 2263 550 81 plus dévoués et cordiaux.

1107 2306 635 74 Signé: Alberto d'OLIVEIRA.
