1920 2560
836 119 162 70 - 5 -

262 209 1483 130 qui permettra de condamner le militarisme allemand mais non sans

249 290 1455 132 discréditer ailleurs bon nombre de dirigeants. C'est pourquoi

234 366 1547 137 j’appelle de mes voeux, avec l'opinion, cet immense procès de mora-

258 441 1442 126 lité, mais c’est aussi pourquoi il ne s’ouvrira pas sans résis-

241 526 1536 124 tances...... Ce sera le plus redoutable examen de conscience qu'on

232 603 1551 124 ait jamais connu, dans aucun temps ; ce sera la moralité de la guer-

234 686 1472 111 re, la fin de la guerre et l’ouverture de l'ère nouvelle, si ce

224 757 1486 126 procès vraiment a lieu. Si non le traité de paix ne sera que la

215 838 1444 111 consécration de tous les mensonges du passé ; le recommencement

243 923 1423 103 hypocrite et l’aggravation de tous nos maux. L'opinion le sent

215 977 1570 136 bien, si elle n’est pas satisfaite, et si elle n’est pas trop lasse,

238 1058 1536 130 trop dégoûtée, elle se révoltera. De toutes façons le grand procès,

230 1137 1436 119 le procès des origines de la guerre doit s’ouvrir et s’ouvrira,

230 1224 1502 107 quel qu'en puisse être le dénouement, pour l'édification de l'Al-

232 1305 824 90 lemagne d’abord et du monde entier.

443 1378 1291 111 Nous constations à Paris des symptômes frappants de ces

213 1437 1534 124 exigences de l’opinion. La chambre des Députés dispute en ce moment

224 1529 1508 109 l'interpellation BARTHE, tendant à établir que la grande métallur-

226 1625 1388 83 gie internationale a été d’accord, a été organisée comme j'ai

215 1704 1466 81 vainement essayé de le dire tant de fois, pour pousser à la con-

209 1779 1474 79 sommation de ses produits, c’est à dire à la guerre. Et cette in-

206 1856 1536 78 terpellation fait ressortir déjà de fâcheuses complaisances de notre

224 1917 1384 92 état-major dont la/candeur fut enveloppée d’un voile ou d'une

202 2007 1540 79 sorte de filet de relations mondaines et familiales et d’entreprises

206 2058 670 96 savantes des grands journaux.

441 2154 1182 75 Le procès du Kaiser conduira donc infailliblement au

213 2218 1284 109 procès de la métallurgie et de la presse pour commencer.
