1920 2560
140 27 278 152 ££

674 96 341 98 LETTRE N° 512.

49 168 285 107 SÉNAT

1077 226 518 72 PARIS, le 2 Avril 1919

582 381 497 118 PROPHYLAXIE

868 622 386 94 Mon cher Butler,

494 785 1302 76 J'étais récemment dans la Sarthe, à mon retour de Londres

315 864 1472 81 et de nos pays libérés ; j’ai voulu me rendre compte de l'état de

317 942 1361 77 nos routes que j’avais parcourues l’automne dernier avec vos

302 1019 1374 81 compatriotes alors arde ment actifs, improvisant partout les

313 1085 1436 92 camps, les champs de tir, les €écoles€ les hôpitaux.. Aujourd'

1006 1077 114 55 ££

315 1169 1440 83 hui, ce généreux mouvement a cessé : les camps qui subsistent ne

313 1235 1412 102 sont plus que des dépôts de passage où les soldats américains,

315 1324 1297 73 revenant du front, attendent leur tour d'embarquement par

305 1384 1425 94 Saint-Nazaire ou Brest, ou Bordeaux peut-être. Attente longue,

302 1474 1400 76 pour des jeunes gens énergiques, tombant subitement de la vie

320 1550 1333 73 intense à l'oisiveté. J'avais suggéré qu'on leur confiât la

315 1614 1430 99 réfection de nos routes que leurs camions, avec les nôtres, ont

302 1700 1366 79 contribué à défoncer, jusqu’à les rendre, en certains points,

10 1821 930 133 à Monsieur le Président N. Murray BUTLER

324 1932 190 75 NEW YORK
