1920 2560
972 76 158 69 - 13 -

358 204 418 101 M. LE PRÉSIDENT, -

934 213 913 102 Je rapproche vos réflexions d’aujourd'

366 313 1396 75 hui de ce que vous nous disiez lors de l'Assemblée Générale

360 390 1327 75 de la Conciliation, en 1917. Vous estimiez alors à dix

375 473 1284 71 le nombre des personnes voyant clair en Allemagne......

362 586 393 73 M. O. NIPPOLD,-

940 576 820 91 Disons qu'il y en a 20 aujourd’hui

356 657 800 119 et nous serons dans le XXXX vrai.

1205 787 354 68 (exclamations ).

366 896 1453 76 M. Th. RUYSSEN,- (rappelle à ce propos un regrettable article

369 977 1359 76 du Dr. Quidde, au sujet des responsabilités de la guerre ).

352 1098 1350 75 M. J.J. PRUDHOMMEAUX. - Le plus triste est que M. Quidde

349 1171 1323 87 a trouvé bon nombre de partisans, puisqu’il vient d'être

360 1250 1340 98 élu au Reichstag, ainsi que M. W. Schucking, un autre pa-

356 1333 1427 121 cifiste, dont l’opposition à l’impérialisme germanique a été

362 1405 514 71 singulièrement timide.

349 1523 346 79 M. O.NIPPOLD -

940 1514 849 92 En dehors du Professeur FOERSTER, le

349 1604 1396 70 pacifisme allemand a fait cause commune avec le militarisme

362 1678 1387 79 allemand. C'est ce qu'il y a de profondément triste. Tous

435 1732 85 53 sur

349 1753 1379 79 ceux qui, jadis, nous pensions pouvoir compter, ont tenu à

349 1826 1308 83 défendre leur Gouvernement ; aucun n'a eu le courage de

354 1909 1305 79 FOERSTER ou de GRILLING, démontrant à l’Allemagne que le

347 1977 881 98 Droit ne se trouvait pas de son côté.

358 2082 424 94 M. LE PRÉSIDENT.-

923 2090 773 103 N'oublions pas que nous avons eu,
