1920 2560
900 119 403 145 LETTRE N° 536.

78 196 291 109 SÉNAT

1305 320 465 102 PARIS, 13 Mai 1919.

701 450 689 108 LA JEUNESSE DES ÉTATS-UNIS.

582 531 887 119 UN JOURNAL AMÉRICAIN PUBLIE AU MANS .

1045 782 382 82 Mon cher Butler,

674 938 1026 120 La jeunesse de votre année est pour moi un

326 1028 1357 115 charme, comme la jeunesse de votre pays. Ce n’est pas le

315 1094 1511 132 Président Wilson seulement qui mérite d'être accusé dédaigneu-

326 1194 1393 100 sement de " noble candeur", c’est tout votre peuple ; c’est

317 1267 1511 117 chaque soldat, chaque officer. Cette candeur vous la cultivez,

311 1346 1472 115 vous l’entretenez comme les gens bien équilibrés s’appliquent

322 1422 1523 133 à conserver leur jeunesse. Vous pratiquez, comme des principes,

320 1499 1448 120 la propreté, la variété, la gaieté, les jeux, les sports, la

300 1580 1474 111 vie en plein air, et dans une large mesure, dans la coéduca-

307 1674 1519 111 tion, par exemple, la lutte contre l'alcoolisme et les maladies

300 1747 1368 151 de toutes sorts, y compris les maladies dites honteuses,

296 1815 256 102 la pureté.

663 1898 1088 122 Cela ne vous empêche pas d’avoir vos défauts,

292 1984 1478 113 c'est entendu, mais tout de même vous travaillez à développer

290 2099 1399 72 vos qualités, vos forces, votre santé, votre bonté ; c’est

292 2154 239 88 beaucoup.

40 2355 1086 106 Monsieur le Président Nicholas Murray BUTLER.
