1920 2560
810 102 160 68 - 2 -

230 196 1429 158 traduction et qu’il suffirait de faire commenter simplement

238 315 1317 113 par une des nombreuses Américaines, dont l'action s’est

238 405 1475 121 exercée XXX avec tant de courage et d’efficacité chez vous.

597 505 981 88 Voyez ce que vous en pensez et ce que vous

230 576 1399 108 croyez pouvoir faire. Je sais bien qu’aux Etats-Unis vous

238 652 1349 94 êtes arrivés au but dont nous essayons seulement de nous

256 740 1305 83 approcher, mais il faut bien dire que votre intérêt est

236 823 1500 85 d'accord avec le nôtre pour faire disparaître ou pour atténuer,

249 908 1342 79 en Europe, les ravages de l’alcoolisme, incompatible avec

258 987 889 73 toute organisation sincère de la paix.

601 1068 1041 75 Pour vous donner un aperçu plus précis de la

238 1141 1396 79 très habile mise en scène de cette propagande de Cauvin, je

256 1222 1395 77 vous envoie également ci-joint quelques exemplaires de l’an-

236 1294 1353 82 nonce de la conférence qu’il va faire demain, à Paris, et

241 1380 1386 72 que je préside, aux sociétés Savantes, sous le patronage de

258 1454 1026 77 nos plus puissantes organisations ouvrières.

1058 1602 535 76 Affectueusement à vous,

1066 1717 269 79 ££

36 1892 1096 98 à Monsieur le Président Nicholas Murray BUTLER,

529 1977 230 107 NEW-YORK.

36 2188 258 71 2 annexes.
