1920 2560
819 108 151 188 - 3 -

283 317 1477 152 un nouvel exercice financier dont il faut, dès à présent, prépa-

294 409 1395 135 rer les éléments. Dans les prévisions de budget que vous avez

283 488 1442 126 bien voulu établir et transmettre le 1er janvier dernier à M. le

290 569 1502 117 Président N. Murray BUTLER (annexe à la lettre 462), vous écriviez

285 650 1472 111 "...Après la guerre. – Il y a lieu de prévoir en outre en raison

268 736 1504 104 de l'augmentation du prix de toutes choses, la nécessité d’accor-

266 814 1400 99 der des augmentations de traitement ou des indemmités de vie

275 878 1440 124 chère..... Les dépenses du Bureau seront approximativement les

285 960 1481 121 suivantes ; 1ère Partie. A. - Augmentation du chiffre des traite-

260 1041 1538 119 ments d'indemnités de vie chère (en moyenne mille francs par per-

258 1126 1457 107 sonne employée), soit, pour 9 personnes..... 9.000 Frs

456 1245 1308 101 Avant de faire état de ces prévisions, il convient d’en-

268 1324 1492 98 visager la situation présente. Les chiffres mensuels des traite-

262 1408 1293 91 ments de notre personnel sont actuellement les suivants:

266 1480 1163 92 Secrétaire Général du Bureau (M. PRUDHOMMEAUX)

1525 1497 164 85 583,33

260 1559 934 96 Secrétaire-adjoint (M. PUECH)

1529 1578 145 68 416,00

241 1640 1081 107 Vérificateur des comptes (M. Th. RUYSSEN)

1529 1653 152 81 250,00

260 1715 1007 100 Secrétaire comptable (Mlle PEYLADE)

1529 1736 145 79 350.00

249 1794 1011 98 Secrétaire dactylographe (Mlle BERUBET)

1548 1809 133 79 300,O0

230 1883 328 88 Archiviste

942 1888 314 104 (Mlle AMELOT)

1525 1894 153 77 100.00

251 1958 391 92 M. Fr. BOUSSARIE

1550 1969 131 68 35,00

241 2039 298 98 M. LEPECHEUX

1546 2039 152 85 20.00

435 2154 1229 96 Mlle AMELOT touche en outre par mois 20 francs comme

232 2235 1525 122 bibliothécaire de la Bibliothèque PASSY et, depuis le 1er janvier
