1920 2560
940 59 148 88 - 4 -

343 166 1527 156 l'intimité la plus simple, corrigent ou réparent la sécheresse

360 262 1406 139 dispendieuse et décourageante des fêtes officielles. Vous

347 332 1445 150 auriez vu là un tout petit cercle d'une cinquantaine d'Amé-

356 439 1384 130 ricains, de Français et d'alliés, heureux d'être ensemble

360 531 1395 111 pour fêter votre Ambassadeur M. Sharp et sa famille, M. et

347 612 1404 106 Mme . Straus ; heureux d'entendre, en famille, mes filles

352 695 1467 100 donner un concert à l'amitié franco-américaine ; vous auriez

341 778 1451 103 retrouvé enfin l'atmosphère du dîner Butler du mois de Juin

354 855 1397 122 1914, diner inoubliable, pourquoi parce que, si nombreux

360 940 1389 98 qu'aient été les convives, ce n'était pourtant pas un ban-

347 1019 1485 101 quet, c'était une fête intime, rare, exceptionnelle, une fête

337 1102 1329 90 de l'entente cordiale internationale. C'était la même

332 1179 1402 107 entente cordiale hier, à notre foyer. Combien de fois me

337 1260 1459 113 suis-je dit que, si j'avais disposé, et à Paris et à Créans,

334 1341 1347 103 de la millième partie des millions que notre propagande

332 1418 1398 111 nationale a gaspillés comme on sait, pendant la guerre et

343 1506 1457 98 avant la guerre, la guerre peut-être n'eût pas eu lieu ; peut-

352 1576 704 92 être aurait-elle moins duré ?

684 1666 1076 96 Quoi qu'il en sait, la rue Molitor est rede-

328 1734 1406 104 venue le terrain de la conciliation, comme jamais l’avenue

332 1813 1410 109 Henri-Martin, mais plus modestement, d'autant mieux. Vous

326 1896 1440 102 auriez rencontré, avec l'excellente famille Sharp, Mme. Ed-

337 1977 1412 100 House, sa sœur Mme. Mezes et son mari, vos amis le Profes-

343 2048 1446 113 seur Johnson, Finch, M. et Mme. James Brown Scott, Holman et

343 2122 1481 139 la fille, le Président du Sénat, le Maréchal et Madame Joffre,
