1920 2560
819 102 170 68 - 15 -

224 256 1356 72 Suisse des résultats plus encourageants ; votre propagande

221 334 1413 75 y a trouvé plus d'écho. Voulez-vous nous dire de quelle ma-

206 409 643 75 nière elle s'est exercée ?

221 539 374 73 M. O. NIPPOLD,-

761 526 864 82 En Suisse, en effet, les progrès de

224 612 1410 74 l'opinion sont plus marqués. Malheureusement, nous n’avions

213 678 1476 94 que bien peu de moyens d’action à notre service. Nous n’avons

221 772 1413 72 presque rien pu faire par la presse ; le papier était hors de

221 853 1327 70 prix, et surtout la bienveillance du Gouvernement nous a

204 923 1376 77 fait défaut, de sorte que nous n’avons jamais eu la presse

204 985 1408 94 avec nous. Aussi ai-je le droit de conclure que l'opinion-

211 1085 1414 75 en Suisse, telle qu’elle s'exprime par la voie des journaux,

224 1162 1341 73 diffère essentiellement de la véritable opinion publique.

204 1243 1477 71 Si on s'en tenait à l’examen des journaux, on ne verrait pres-

202 1305 1459 94 que pas de progrès, et cependant, je puis affirmer que l'opi-

209 1401 1408 71 nion générale de la Suisse allemande est aujourd'hui sensi-

209 1480 1297 73 blement la même que celle de la Suisse romande. Si on

213 1559 1335 73 compare la situation présente avec celle qui existait au

196 1625 1416 96 début de la guerre, on ne peut nier qu’il y ait progrès, et

213 1715 363 70 grands progrès.

211 1796 1421 117 M. le PRÉSIDENT.- remercie M. le professeur NIPPOLD de

230 1888 1380 91 son intéressante communication, XX écoutée avec beaucoup de

230 1988 926 72 sympathie par tous les membres présents.

571 2171 1067 77 M. le Président donne alors lecture de l'ordre
