1920 2560
868 136 141 81 - 4 -

241 264 1079 122 cantonniers, pour remetre nos routes en état.

625 352 1007 121 Malgré tout, malgré les trains devenus rares

238 433 1438 115 sur nos voies ferrées, malgré les routes souvent inutilisables

224 514 1382 106 et les voies navigables, uniques au monde mais dès longtemps

232 593 1395 111 abandonnées, la campagne ne m’a jamais paru plus riante, plus

243 665 1403 103 confiante. Un éleveur du pays m’accompagnait. J'admirais sa

241 744 1433 107 sérénité ; je l'entendais avec plaisir se louer des Américains,

230 817 1301 111 alors que certaines villes, gorgées de leur or, osent se

224 893 1354 109 plaindre de leur présence ; je voyais les jeunes filles du

228 966 1295 109 pays se promener et gesticuler en riant, des yeux et des

228 1047 1357 111 bras, avec eux, pour se faire comprendre, c’est-à-dire pour

206 1124 1449 109 se faire aimer ; bref, tout le monde était content, et le pays

213 1216 1446 85 était radieux. Est-il vrai, demandais-je, que vous vendez vos

224 1294 1329 79 vaches jusqu'à 2.000 frs par tête? Oui, me répondait mon

226 1361 1397 93 éleveur ; je viens même d’en vendre une 2.800 francs ! Mêmes

224 1450 1450 90 prix pour les chevaux, ces percherons si connus aux Etats-Unis.

215 1525 1355 89 Deux porcs se vendent 800 francs, la pièce, et davantage.

206 1610 1408 79 Une paire de poulets 40 frs ; le beurre 8 frs la livre, etc...

211 1672 326 92 etc.... etc....

599 1764 1033 79 Bien plus, cette partie de la Sarthe produit

217 1843 1455 81 du chanvre ; et le Gouvernement payait une prime pour encourager

217 1913 1329 81 cette culture. Or le chanvre étant devenu introuvable, un

198 1998 1412 77 petit fermier qui paie un fermage de mille francs par an, en

204 2071 1496 100 a vendu, l’année dernière, pour 60.000 francs. 60.000 frs, vous
