1920 2560
49 68 332 132 SÉNAT

704 55 377 126 LETTRE N° 494.

1137 226 512 89 PARIS, le ££ Mars 1919

646 354 612 128 ETHNOGRAPHIE .

836 533 405 94 Mon cher Butler,

475 682 1340 126 A mesure qu’elle détruisait notre monde, la guerre nous

369 753 1538 117 l'a fait connaître. Elle a fait plus que la propagande la mieux

377 842 1385 113 organisée pour dissiper, en France tout au moins, ce qui

349 921 1487 109 restait encore, parmi les masses, de profonde ignorance de la

375 998 1446 117 géographie politique et surtout économique et de l'ethnogra-

349 1081 1453 117 phie. On parle d’une crise du papier ; je suis littéralement

364 1160 1470 122 inondé de publications, la plupart intéressantes et nécessai-

349 1243 1453 109 res, répandues par les nationalités que la Conférence de la

339 1326 1472 128 paix met aux prises ; depuis les Yougo-slaves, les Tchéco-Slo-

347 1410 1457 113 vaques, les Italiens, les Grecs, les Albanais, les Arméniens,

339 1489 1463 117 les Syriens, les Egyptiens, les Bulgares jusqu’aux Polonais,

354 1570 1371 98 aux Roumains, aux Finlandais, sans oublier les îles Aland

339 1644 1446 118 et toutes les parties de la Russie d’hier, et la Sibérie, et

339 1732 1429 92 la Chine et le Japon et les îles du Pacifique, et les colo-

352 1804 1478 109 nies d'Afrique. d'Amérique, jusques et y compris cette vieille

341 1890 1453 96 Canaille de Roi de Monténégro. Quelques-unes de ces brochures

6 2035 907 138 onsieur le Président N. Murray BUTLER

206 2158 212 75 NEW YORk
