1920 2560
992 34 147 66 - 2 -

680 177 1114 106 Peut-on diminuer nos dépenses de production ?

622 232 184 66 ££

247 249 1438 109 Non, il faudrait les augmenter d’autant plus largement que

249 349 1538 99 notre main d’œuvre, -après tant de pertes et avec notre nata-

264 426 1461 86 lité toujours plus réduite, - deviendra plus rare, plus exi-

251 514 1453 79 geante, moins instruite et plus surmenée ; il faudrait les

249 586 1481 107 augmenter délibérément sous peine de porter le dernier coup

245 672 1523 106 à la mise en valeur, trop longtemps sacrifiée, des ressources

245 761 1525 98 qui vont nous rester. Pensez qu’il va nous manquer du monde,

256 840 1506 88 et du matériel et des forces pour supporter un fardeau quatre

264 921 1600 88 fois plus lourd que par le passé ! Nous ferons donc difficilement

245 1006 1559 79 et j’espère que nous ne voudrons pas faire le sacrifice de nos

256 1096 1563 105 dépenses de production. Mais, par ailleurs, quelle part énorme

258 1175 1523 100 devrons-nous faire à des dépenses qui sont des dettes sacrées

256 1252 1542 89 et le plus souvent des charges improductives. Il n’y aura pas

249 1337 1572 85 équilibre entre nos pauvres dépenses productives et nos énormes

256 1427 1523 77 dépenses improductives. Et alors nous ne pourrons plus faire

238 1501 1379 81 face à la concurrence des autres peuples moins chargés.

663 1540 1156 153 Par exemple, M. Abrami, Sous-Secrétaire d'Etat

258 1666 1448 96 à la Guerre, d’accord avec le rapporteur de la loi sur les

238 1749 1396 89 pensions, M. Chéron, vient de nous parler, €e€au Sénat, du

247 1821 1534 109 chapitre des pensions que vous connaissez bien aux Etats-Unis.

256 1920 1557 87 Chez vous, ces pensions, déjà si considérables avant la guerre,

238 2001 1515 98 trouvaient leur place, malgré tout, dans l’ensemble de votre

236 2107 214 111 budget.

684 2161 960 91 En France, sur une population totale de
