1920 2560
864 142 142 71 - 6 -

526 243 1189 117 Attendons. Mais vous reconnaîtrez plus tard que je ne

292 309 1425 124 vous ai pas trompé quand j'ai voulu vous mettre en garde contre

273 375 1519 149 l’intoxication systématique de l’opinion par une association inter-

281 456 711 100 nationale de mauvais journaux.

580 748 787 137 LA RÉUNION de la rue PIERRE-CURIE.

497 885 1275 126 J’ai naturellement profité de la présence à Paris de nos

275 951 1504 126 amis alliés pour convoquer rue Pierre-Curie notre première réunion

266 1034 1470 122 depuis la guerre. Nous avons eu là nos amis habituels, notre per-

232 1111 1468 141 sonnel, et parmi nos collaborateurs des professeurs André WEISS,

241 1190 1408 109 Charles RICHET, de LAPRADELLE. J'avais convoqué en outre Lord

268 1265 1447 113 WEARDALE €qui n'a pas€ et GIRETTI qui n'ont pu venir, à leur grand

241 1350 1444 126 regret; et aussi NIPPOLD bien que la réunion fût exclusivement

243 1401 1431 152 interalliée: NIPPOLD effet, c’est conduit mieux encore qu'un

232 1495 1423 109 allié, comme un ami ; nous avons saisi cette occasion pour l'en

249 1580 1400 98 remercier chaleureusement. Vous le verrez par le procès-verbal

249 1642 1453 143 ci-joint de notre réunion. J’ai par ailleurs, demandé, pour lui,

224 1734 1518 102 au Gouvernement, d’accord avec notre ambassadeur à Berne, la croix

238 1804 547 103 de la Légion d'Honneur.

456 1894 1199 92 Nous avons examiné notre projet de budget. La lettre

224 1958 1465 102 N° 462 que je vous avais écrite à ce sujet a été approuvée. Tout

234 2037 1487 107 d’abord, le conseil a été unanime à confirmer ce que j’avais pensé

217 2114 1451 102 et fait, quant à notre devoir d’aider les diverses associations
