1920 2560
913 134 166 66 - 16 -

366 294 1054 79 du jour de la réunion, dont voici la teneur:

599 405 945 124 I° - Programme d'action pour 1919.

597 507 1227 105 2°.- Participation aux débuts de l'Association

827 561 901 70 Française pour la Société des Nations,

620 631 1144 100 3°,- Relations avec les autres associations

836 686 618 60 analogues des pays alliés.

595 736 746 106 4°.- Questions diverses.

381 902 1372 83 Différents articles de cet ordre du jour ont déjà été dis-

390 983 1348 83 cutés au cours de la séance, principalement en ce qui con-

384 1060 1292 81 cerne la participation du Bureau Européen aux débuts de

392 1139 1432 79 l'Association Française pour la Société des Nations ; l'assem-

392 1220 1265 77 blée a été unanime à approuver l'action de la Dotation

392 1301 849 70 vis-à-vis de la nouvelle Association.

390 1373 1493 128 M. la PRÉSIDENT.-. J'élargirai un pau le sens de l'ART.III;

386 1489 1359 79 j'ai besoin d'avoir l'avis de vous tous, et en particulier

403 1563 1293 96 de juristes tels que M.M. Weiss, de Lapradelle et Dumas,

384 1642 1248 75 pour savoir comment nous devons envisager nos relations

390 1725 629 69 présentes avec les neutres.

725 1787 1045 83 Il est bien entendu que jusqu'au jour où les

409 1870 1340 73 préliminaires de la paix auront été signés, nous resterons

401 1945 1369 75 entre Alliés. Avant la guerre, de par les statuts mêmes de

411 2026 1340 68 la Dotation, nous étions une assemblée Internationale ; nous

409 2103 1389 68 ne le redeviendrons plus qu'une fois la guerre finie, et sous

394 2167 1453 79 certaines réserves. Pour le moment, nous n'avons pas le droit,

409 2244 1233 74 en conscience, d'ouvrir nos rangs et nos séances à des
