1920 2560
789 38 171 68 - 18 -

256 185 1329 88 y compris les fortes subventions qui étaient versées par

251 270 1381 79 son intermédiaire, se montait à Frs: 321.250 frs. Pendant

262 345 1412 94 la guerre, ce chiffre est descendu à 37.000 frs, dont 7.000

256 422 1390 85 de subventions. Pour répondre au désir que nous a exprimé

247 509 1333 81 M, le Président Butler, j'ai établi récemment un projet

258 582 1378 90 de budget pour notre Bureau, relatif à l'exercice à venir.

247 667 1440 88 J'y prévois le concours prêté à l'Association Française pour

262 744 1378 85 la Société des Nations, se traduisant par un supplément de

262 827 1372 88 dépenses pour le paiement du personnel, une participation

256 898 1397 102 aux frais de représentation et de réception de la société,

262 983 1453 94 une augmentation des frais de correspondance, de télégrammes.

256 1064 1318 90 J'ai dû prévoir aussi certaines sommes destinées, comme

275 1139 1418 94 jadis, à indemniser de leurs dépenses de voyage et de séjour

275 1224 1431 83 les membres de notre comité Exécutif et de notre conseil, en

266 1299 1457 91 que des réunions périodiques que nous allons tenir à nouveau ;

290 1380 1450 92 enfin j'ai fait figurer à ce budget, pour mémoire, différentes

279 1454 1361 96 subventions pour lesquelles j’ai adressé des demandes par-

281 1536 1351 87 ticulières à M. le Président Butler. Au total, le budget

281 1610 1284 94 annuel de notre Bureau Européen serait porté à environ

298 1685 1359 98 56.000 francs, et il comprendrait en outre les différentes

283 1764 1361 96 subventions dont je viens de parler, si M.M. les Trustees

298 1856 860 81 Américains en approuvent le principe.

1041 1949 576 90 (approbation générale.)

640 2067 1109 91 En soumettant ce nouveau budget à l'approbation

315 2144 1235 123 des Trustees Américains, j’ai particulièrement appelé
