1920 2560
782 106 171 83 - 2 -

206 196 1385 132 les plus jeunes, les plus généreux, auront disparu, ou moitié

196 290 1342 117 d'entre eux seront invalides, des fardeaux et non plus des

192 360 1312 115 ressources. Sa production, écrasée de charges, privée de

202 450 1338 96 main-d’oeuvre, à la merci des exigences naturelles des tra-

196 524 1367 101 vailleurs raréfiés, sera dominée par l’activité favorisée de

196 595 1438 100 ses concurrents ; et cette faveur l’aigrira comme une injustice

206 680 1411 92 et l’isolera. Elle se croira sacrifiée ; ses amis la croiront

204 748 192 81 ingrate.

590 832 1059 85 La France sera, malgré ses ruines irréparables

196 908 1480 86 et ses deuils, une proie d’autant plus tentante pour ses voisins

198 987 1367 79 qu’elle sera moins apte à se défendre. Elle inspirera plus

196 1064 1429 85 que la jalousie, l’envie. Les envieux verront en elle un pays

204 1137 1357 81 à coloniser, et, s’ils n’y peuvent pas réussir, à conquérir.

206 1211 1291 86 J’ai pressenti ce danger trop souvent, des mes voyages à

187 1286 1447 94 travers la France, à bicyclette, en chemin de fer, en auto, en

192 1363 1329 89 aéroplane ; et c’est pourquoi je redoutais la guerre pour

202 1450 977 90 la France d’abord et pour le monde entier.

608 1514 992 92 Je suis allé hier dans le Nord de la Sarthe

187 1600 1323 96 à La Ferté-Bernard, où j'étais appelé à parler devant un

187 1672 1445 92 comité local, d’ailleurs tout dévoué. J'ai parcouru, en auto,

192 1740 1472 109 cette région plantureuse et charmante du Perche, par une adora-

198 1813 1436 119 ble journée de Mai, dans la fraîcheur des pâturages peuplé de

187 1896 1421 111 bestiaux et de chevaux florissants ; les ruisseaux et le doux

192 1973 1435 111 soleil nourrissant les prés, les prés nourrissant les animaux,

192 2054 1339 115 et les animaux nourrissant les hommes. Pays de repos, de
