<?xml version="1.0" encoding="UTF-8"?>
<alto xmlns:xsi="http://www.w3.org/2001/XMLSchema-instance"
	  xmlns="http://www.loc.gov/standards/alto/ns-v4#"
	  xsi:schemaLocation="http://www.loc.gov/standards/alto/ns-v4# https://gitlab.inria.fr/scripta/escriptorium/-/raw/develop/app/escriptorium/static/alto-4-1-baselines.xsd">
  <Description>
	<MeasurementUnit>pixel</MeasurementUnit>
	<sourceImageInformation>
	  <fileName>P1190736.JPG</fileName>
	</sourceImageInformation>
  </Description>
  <Layout>
    <Page WIDTH="1920" HEIGHT="2560" PHYSICAL_IMG_NR="22" ID="eSc_dummypage_">
      <PrintSpace HPOS="0" VPOS="0" WIDTH="1920" HEIGHT="2560">
        
        <TextBlock ID="eSc_dummyblock_">
	      <TextLine ID="eSc_line_229221" BASELINE="930 119 1111 131" HPOS="928.0" VPOS="81.0" WIDTH="181.0" HEIGHT="96.0">
            <Shape>
              <Polygon POINTS="928 117 934 87 970 100 1006 81 1043 102 1064 89 1085 113 1102 100 1109 130 1098 166 1077 162 1049 177 1011 166 987 145 962 149 930 132"/>
            </Shape>
	        <String CONTENT="- 23 -" HPOS="928.0" VPOS="81.0" WIDTH="181.0" HEIGHT="96.0"></String>
          </TextLine>
        
        
	      <TextLine ID="eSc_line_229223" BASELINE="178 225 686 261 1066 302 1115 300 1184 311 1318 309 1390 315 1508 315 1546 320 1659 317 1766 326 1842 341" HPOS="177.0" VPOS="181.0" WIDTH="1664.0" HEIGHT="196.0">
            <Shape>
              <Polygon POINTS="177 224 185 181 209 202 226 194 258 202 285 185 317 202 401 198 413 211 437 202 480 221 531 198 573 228 590 219 629 226 669 204 746 256 765 256 787 241 825 251 883 238 970 266 1064 247 1100 273 1126 266 1139 277 1160 264 1190 266 1211 283 1235 273 1245 283 1290 275 1299 283 1329 277 1352 285 1367 275 1401 285 1435 281 1459 294 1514 266 1555 290 1591 277 1636 294 1657 283 1689 285 1713 270 1749 290 1762 283 1783 298 1798 288 1836 305 1841 339 1830 369 1811 377 1779 360 1745 362 1725 347 1687 366 1655 343 1612 356 1540 345 1474 358 1465 349 1395 354 1371 343 1320 360 1294 345 1241 354 1164 337 1092 343 1070 330 1024 334 1009 324 966 330 940 313 917 324 851 313 814 324 770 305 736 315 704 298 608 298 580 279 535 292 484 268 450 288 418 268 337 277 324 268 309 279 273 258 247 266 211 249 196 256 181 243"/>
            </Shape>
	        <String CONTENT="craint tant le risque, sauf le risque de son sang. On le croirait" HPOS="177.0" VPOS="181.0" WIDTH="1664.0" HEIGHT="196.0"></String>
          </TextLine>
        
        
	      <TextLine ID="eSc_line_229572" BASELINE="185 279 327 288" HPOS="183.0" VPOS="251.0" WIDTH="143.0" HEIGHT="45.0">
            <Shape>
              <Polygon POINTS="183 277 213 251 243 270 268 258 326 288 279 285 266 294 258 283 230 281 213 296 200 279 187 279"/>
            </Shape>
	        <String CONTENT="££" HPOS="183.0" VPOS="251.0" WIDTH="143.0" HEIGHT="45.0"></String>
          </TextLine>
        
        
	      <TextLine ID="eSc_line_229224" BASELINE="189 317 292 317 358 328 450 326 512 334 535 334 667 354 691 354 729 362 795 360 857 369 902 371 930 377 1004 379 1053 388 1124 388 1175 384 1205 392 1282 396 1454 394 1555 405 1745 403 1770 409 1804 409" HPOS="189.0" VPOS="251.0" WIDTH="1615.0" HEIGHT="199.0">
            <Shape>
              <Polygon POINTS="189 317 194 262 213 251 245 270 270 258 294 279 326 292 352 290 379 307 401 290 420 300 462 302 473 294 516 311 610 311 642 337 680 317 718 322 750 345 780 326 802 334 832 326 874 343 902 326 932 354 960 334 972 347 1028 343 1079 364 1105 349 1179 369 1220 347 1248 366 1284 356 1378 377 1390 366 1478 360 1512 366 1527 381 1563 356 1604 379 1627 364 1655 373 1704 369 1725 386 1768 377 1798 392 1804 409 1787 437 1698 443 1678 426 1623 439 1600 420 1531 450 1499 430 1489 437 1427 422 1405 433 1380 424 1361 439 1333 426 1305 437 1269 418 1228 433 1188 433 1169 418 1137 433 1124 420 1098 426 1070 413 1036 426 989 407 970 420 960 409 923 416 900 401 853 403 829 388 810 398 778 398 704 381 676 396 640 381 620 392 599 377 548 381 512 360 467 369 313 352 300 360 283 349 243 358 236 349 209 356 192 343"/>
            </Shape>
	        <String CONTENT="time et jouisseur, et, tout à coup, une émotion noble en fait un" HPOS="189.0" VPOS="251.0" WIDTH="1615.0" HEIGHT="199.0"></String>
          </TextLine>
        
        
	      <TextLine ID="eSc_line_229225" BASELINE="192 403 270 403 364 413 390 411 475 422 524 426 590 430 657 441 768 448 878 456 981 462 1107 465 1205 471 1314 480 1457 480 1508 484 1540 490 1742 490 1773 502" HPOS="192.0" VPOS="364.0" WIDTH="1580.0" HEIGHT="175.0">
            <Shape>
              <Polygon POINTS="192 401 196 369 204 364 226 375 279 366 322 390 349 377 384 381 398 396 416 384 456 386 475 396 488 386 514 394 539 381 569 401 608 401 648 422 678 401 697 401 733 424 814 409 853 424 891 409 940 433 966 422 987 433 1019 420 1081 433 1100 448 1126 437 1173 456 1233 435 1245 445 1331 454 1365 443 1382 452 1401 437 1446 456 1467 445 1527 445 1550 462 1580 448 1619 465 1674 445 1698 469 1715 458 1755 462 1768 473 1772 501 1734 539 1715 524 1659 524 1634 514 1608 520 1593 507 1563 520 1484 514 1465 520 1444 499 1393 524 1365 509 1307 507 1286 520 1243 516 1224 497 1203 512 1181 501 1147 512 1130 499 1083 507 1034 492 891 492 872 475 846 494 812 480 802 486 765 475 704 477 676 460 654 473 601 460 571 473 537 458 522 462 503 448 480 462 448 450 426 454 396 433 375 448 337 452 330 443 296 445 283 437 266 450 196 426"/>
            </Shape>
	        <String CONTENT="saint ou un héros. On croirait qu’il ne pense qu’à lui et il se" HPOS="192.0" VPOS="364.0" WIDTH="1580.0" HEIGHT="175.0"></String>
          </TextLine>
        
        
	      <TextLine ID="eSc_line_229226" BASELINE="179 486 262 490 311 499 366 497 426 505 556 516 603 516 678 526 800 535 821 541 919 539 1024 550 1098 548 1162 556 1265 556 1446 567 1593 565 1710 569 1808 593" HPOS="177.0" VPOS="452.0" WIDTH="1629.0" HEIGHT="173.0">
            <Shape>
              <Polygon POINTS="177 484 183 452 221 452 230 460 296 462 320 475 347 462 407 475 424 469 445 488 465 477 541 475 610 488 665 512 697 492 757 507 832 497 853 516 870 503 913 512 930 499 970 522 992 507 1047 529 1085 514 1096 522 1115 514 1132 522 1152 509 1173 524 1201 520 1245 533 1262 522 1290 522 1303 533 1326 518 1350 535 1369 526 1403 531 1418 546 1437 531 1457 535 1469 526 1525 544 1544 529 1589 520 1606 535 1762 546 1806 590 1792 618 1749 614 1734 622 1719 612 1698 625 1666 610 1627 618 1610 603 1533 622 1476 595 1452 603 1352 593 1271 603 1254 590 1209 601 1181 578 1109 597 1092 586 1068 584 1053 595 1030 584 957 580 921 601 876 567 834 582 825 573 757 582 718 563 691 571 665 558 650 569 627 554 578 567 494 535 475 548 435 535 371 544 320 516 262 535 179 514"/>
            </Shape>
	        <String CONTENT="donne tout entier. Ce qui fait la supériorité de son dévouement," HPOS="177.0" VPOS="452.0" WIDTH="1629.0" HEIGHT="173.0"></String>
          </TextLine>
        
        
	      <TextLine ID="eSc_line_229227" BASELINE="179 571 260 584 354 584 418 595 610 597 631 601 680 609" HPOS="177.0" VPOS="537.0" WIDTH="501.0" HEIGHT="122.0">
            <Shape>
              <Polygon POINTS="177 569 183 541 211 537 253 552 298 546 313 563 339 546 358 558 381 558 396 573 416 554 456 567 477 561 537 569 558 561 586 576 625 567 646 588 669 588 678 608 663 650 618 646 590 659 576 644 509 635 488 620 469 633 437 622 392 627 384 616 362 629 337 618 320 631 285 620 238 635 213 629 189 601 179 605"/>
            </Shape>
	        <String CONTENT="c’est le sacrifice." HPOS="177.0" VPOS="537.0" WIDTH="501.0" HEIGHT="122.0"></String>
          </TextLine>
        
        
	      <TextLine ID="eSc_line_229247" BASELINE="618 947 678 947 725 951 870 962 1002 957 1068 966 1228 974 1361 974 1422 977 1542 983 1689 994 1788 1006" HPOS="616.0" VPOS="898.0" WIDTH="1171.0" HEIGHT="143.0">
            <Shape>
              <Polygon POINTS="616 945 631 902 667 913 682 898 697 900 757 923 791 917 808 900 834 910 840 904 876 934 898 917 1041 930 1096 915 1126 942 1194 942 1203 934 1230 940 1248 928 1275 945 1446 945 1459 955 1472 942 1491 949 1510 938 1538 955 1555 938 1589 960 1632 960 1646 945 1698 979 1715 979 1734 962 1783 974 1787 1004 1736 1036 1640 1026 1623 1041 1604 1024 1491 1024 1448 1009 1422 1019 1373 1013 1337 1024 1301 1009 1226 1011 1220 1002 1160 1013 1124 983 1090 1011 1081 998 1015 1002 977 985 957 996 942 989 928 1002 896 1000 855 974 825 987 806 983 787 1000 765 985 736 987 716 972 701 983 676 962 637 992 618 974"/>
            </Shape>
	        <String CONTENT="Je me suis attardé à parler de ce déjeuner; je" HPOS="616.0" VPOS="898.0" WIDTH="1171.0" HEIGHT="143.0"></String>
          </TextLine>
        
        
	      <TextLine ID="eSc_line_229248" BASELINE="153 1013 202 1004 398 1009 430 1015 475 1017 584 1017 657 1028 915 1034 955 1045 1028 1043 1154 1053 1314 1064 1384 1060 1465 1062 1538 1070 1608 1068 1653 1073 1713 1073" HPOS="151.0" VPOS="966.0" WIDTH="1559.0" HEIGHT="158.0">
            <Shape>
              <Polygon POINTS="151 1011 162 970 209 966 226 981 273 970 307 985 330 970 349 981 377 981 392 970 405 983 428 977 550 994 578 983 608 996 654 985 689 998 729 998 748 985 789 1004 804 998 859 1011 874 1000 953 1004 983 1015 1019 1004 1041 1026 1066 1006 1109 1026 1128 1017 1186 1024 1201 1015 1213 1026 1248 1019 1275 1030 1303 1013 1348 1032 1448 1030 1467 1047 1486 1032 1525 1041 1546 1024 1580 1043 1612 1036 1642 1056 1653 1047 1698 1047 1710 1070 1704 1111 1657 1124 1642 1109 1619 1107 1602 1117 1548 1102 1482 1109 1457 1085 1440 1098 1397 1098 1386 1107 1352 1094 1224 1096 1188 1079 1166 1096 1130 1085 1117 1094 1096 1083 1026 1088 1013 1077 962 1079 951 1070 938 1079 891 1070 868 1079 842 1058 810 1073 744 1058 708 1068 699 1060 620 1060 597 1045 582 1056 509 1045 475 1053 452 1036 430 1049 403 1043 386 1051 290 1036 260 1045 236 1034 215 1045 155 1015"/>
            </Shape>
	        <String CONTENT="ne me lasse pas de chercher comment le Français peut marier en" HPOS="151.0" VPOS="966.0" WIDTH="1559.0" HEIGHT="158.0"></String>
          </TextLine>
        
        
	      <TextLine ID="eSc_line_229244" BASELINE="164 1085 296 1085 352 1096 465 1094 558 1105 620 1102 704 1113 753 1113 970 1122 1068 1128 1177 1139 1250 1137 1307 1147 1497 1145 1612 1156 1732 1168" HPOS="162.0" VPOS="1045.0" WIDTH="1568.0" HEIGHT="160.0">
            <Shape>
              <Polygon POINTS="162 1083 166 1049 174 1045 198 1053 232 1047 256 1064 279 1053 294 1062 309 1051 330 1070 369 1047 396 1066 441 1058 541 1077 599 1068 625 1088 669 1068 718 1083 761 1068 782 1088 808 1073 832 1090 855 1081 876 1092 898 1085 921 1105 936 1094 981 1098 1011 1090 1043 1111 1070 1098 1111 1105 1147 1092 1160 1105 1171 1096 1218 1100 1275 1109 1292 1122 1318 1120 1346 1098 1393 1117 1405 1109 1448 1117 1508 1117 1525 1109 1542 1124 1563 1115 1589 1134 1632 1122 1649 1132 1674 1115 1693 1132 1725 1139 1730 1166 1721 1205 1685 1205 1653 1184 1600 1196 1576 1175 1553 1192 1523 1192 1363 1177 1331 1184 1288 1171 1262 1179 1203 1160 1166 1175 1143 1166 1117 1177 1092 1164 1043 1169 1004 1154 987 1164 934 1154 906 1162 883 1152 868 1156 838 1139 819 1149 778 1149 759 1134 744 1147 712 1149 691 1139 672 1152 654 1139 622 1149 610 1137 573 1143 541 1126 520 1143 503 1132 394 1134 330 1128 313 1117 264 1117 241 1130 213 1113 187 1122 164 1102"/>
            </Shape>
	        <String CONTENT="lui si étroitement et pourtant sans confusion, et l&#39;idéal et la" HPOS="162.0" VPOS="1045.0" WIDTH="1568.0" HEIGHT="160.0"></String>
          </TextLine>
        
        
	      <TextLine ID="eSc_line_229245" BASELINE="179 1171 452 1179 524 1184 546 1188 689 1188 725 1194 791 1198 1004 1207 1070 1216 1320 1222 1401 1230 1499 1230 1634 1241 1730 1239 1772 1246" HPOS="177.0" VPOS="1128.0" WIDTH="1593.0" HEIGHT="162.0">
            <Shape>
              <Polygon POINTS="177 1169 181 1137 275 1128 296 1141 330 1141 375 1169 416 1143 435 1143 454 1145 473 1162 501 1147 548 1164 565 1154 605 1158 620 1173 650 1154 680 1164 714 1156 750 1169 808 1164 823 1175 853 1160 889 1181 923 1162 981 1181 992 1175 1015 1190 1032 1177 1049 1184 1060 1175 1083 1194 1139 1177 1175 1192 1194 1186 1211 1201 1258 1184 1290 1194 1320 1186 1350 1205 1388 1194 1472 1205 1493 1198 1516 1201 1533 1218 1561 1198 1582 1211 1642 1201 1689 1216 1706 1203 1732 1218 1764 1211 1770 1245 1764 1280 1742 1290 1713 1273 1693 1286 1591 1265 1548 1280 1531 1280 1514 1265 1486 1280 1461 1267 1422 1275 1386 1262 1245 1260 1222 1241 1205 1254 1175 1256 1158 1241 1111 1256 1062 1241 1015 1243 1002 1254 906 1230 881 1241 825 1228 808 1237 793 1226 723 1233 699 1220 648 1230 637 1222 614 1228 588 1218 554 1220 522 1207 488 1224 448 1218 430 1205 411 1218 362 1203 324 1216 281 1201 181 1194"/>
            </Shape>
	        <String CONTENT="matière. Et je me demande de plus en plus si la grande faiblesse," HPOS="177.0" VPOS="1128.0" WIDTH="1593.0" HEIGHT="162.0"></String>
          </TextLine>
        
        
	      <TextLine ID="eSc_line_229238" BASELINE="167 1244 759 1284 936 1282 981 1290 1113 1290 1175 1301 1267 1299 1316 1307 1365 1309 1414 1309 1440 1305 1529 1318 1685 1314" HPOS="166.0" VPOS="1213.0" WIDTH="1517.0" HEIGHT="152.0">
            <Shape>
              <Polygon POINTS="166 1243 170 1220 224 1213 253 1233 268 1220 311 1224 343 1216 373 1237 403 1220 448 1245 471 1226 526 1239 539 1228 556 1239 573 1233 595 1250 618 1233 642 1243 699 1243 710 1235 753 1243 768 1235 782 1248 812 1250 846 1250 866 1237 878 1250 900 1241 921 1262 945 1245 960 1258 998 1256 1013 1267 1105 1258 1177 1280 1194 1267 1224 1273 1237 1262 1254 1275 1271 1267 1301 1284 1326 1267 1356 1267 1371 1282 1397 1269 1412 1282 1437 1271 1454 1284 1489 1286 1508 1303 1518 1297 1544 1307 1568 1290 1600 1284 1632 1297 1666 1288 1678 1290 1683 1312 1674 1361 1629 1365 1612 1350 1561 1361 1518 1346 1497 1358 1469 1356 1440 1337 1410 1361 1382 1344 1309 1341 1292 1350 1258 1331 1239 1344 1190 1337 1173 1324 1120 1337 1100 1318 1011 1337 983 1320 925 1320 906 1307 859 1322 836 1307 823 1316 795 1307 772 1318 753 1299 708 1316 689 1305 642 1312 614 1305 590 1282 565 1303 552 1294 531 1303 514 1288 454 1299 390 1282 328 1292 234 1277 200 1286 168 1273"/>
            </Shape>
	        <String CONTENT="qui fait la juste impopularité des vertus trop rigides , n&#39;est" HPOS="166.0" VPOS="1213.0" WIDTH="1517.0" HEIGHT="152.0"></String>
          </TextLine>
        
        
	      <TextLine ID="eSc_line_229228" BASELINE="172 1331 441 1344 548 1344 584 1352 657 1350 708 1361 806 1358 1026 1369 1081 1378 1154 1378 1245 1384 1346 1384 1416 1393 1542 1397 1578 1403 1685 1397" HPOS="170.0" VPOS="1297.0" WIDTH="1513.0" HEIGHT="149.0">
            <Shape>
              <Polygon POINTS="170 1329 174 1299 183 1297 236 1303 249 1314 270 1301 381 1312 403 1305 428 1314 462 1305 492 1324 522 1309 567 1329 614 1316 642 1326 657 1318 731 1326 763 1316 797 1333 823 1318 842 1337 857 1329 908 1333 934 1348 1026 1339 1060 1348 1102 1344 1128 1358 1154 1337 1194 1358 1224 1346 1273 1358 1352 1352 1371 1363 1401 1356 1437 1367 1461 1354 1478 1367 1576 1365 1644 1376 1683 1395 1676 1440 1653 1431 1597 1444 1574 1431 1559 1442 1504 1433 1486 1446 1463 1431 1437 1440 1416 1427 1403 1433 1350 1420 1335 1429 1290 1410 1267 1425 1198 1410 1169 1420 1143 1405 1120 1418 1105 1405 1064 1418 1021 1397 1006 1408 949 1405 938 1397 857 1401 832 1380 804 1397 774 1382 684 1395 565 1378 505 1382 462 1367 437 1382 392 1363 332 1380 300 1363 264 1373 256 1363 185 1369 174 1361"/>
            </Shape>
	        <String CONTENT="pas d&#39;ignorer la complexité des sources de l’activité humaine." HPOS="170.0" VPOS="1297.0" WIDTH="1513.0" HEIGHT="149.0"></String>
          </TextLine>
        
        
	      <TextLine ID="eSc_line_229239" BASELINE="162 1409 245 1410 454 1418 524 1429 691 1435 957 1446 1073 1454 1124 1463 1213 1461 1290 1472 1410 1469 1452 1480 1602 1478 1772 1484" HPOS="160.0" VPOS="1369.0" WIDTH="1610.0" HEIGHT="169.0">
            <Shape>
              <Polygon POINTS="160 1408 170 1369 238 1386 313 1388 343 1380 394 1401 418 1388 456 1397 467 1388 520 1397 537 1410 569 1397 595 1405 614 1395 635 1403 652 1395 691 1405 710 1422 727 1410 748 1414 778 1401 810 1418 923 1410 940 1422 994 1416 1026 1435 1049 1420 1105 1429 1115 1422 1145 1427 1171 1444 1190 1429 1209 1433 1228 1420 1250 1435 1269 1431 1282 1440 1356 1435 1390 1459 1429 1442 1469 1444 1493 1463 1533 1452 1627 1461 1646 1452 1713 1459 1730 1450 1757 1459 1770 1482 1764 1523 1730 1538 1708 1525 1646 1527 1629 1516 1529 1518 1499 1504 1454 1523 1425 1510 1382 1518 1356 1501 1324 1516 1288 1493 1250 1508 1237 1497 1149 1501 1128 1486 1117 1495 1083 1486 1047 1495 1013 1472 983 1491 962 1484 934 1493 910 1474 898 1484 776 1469 763 1478 712 1454 667 1486 646 1486 622 1465 516 1461 490 1448 475 1459 441 1461 341 1450 309 1457 264 1437 230 1452 204 1440 189 1448 177 1437 164 1442"/>
            </Shape>
	        <String CONTENT="L’exemple de la nature est pourtant assez décisif ; cet arbre n’est" HPOS="160.0" VPOS="1369.0" WIDTH="1610.0" HEIGHT="169.0"></String>
          </TextLine>
        
        
	      <TextLine ID="eSc_line_229229" BASELINE="153 1491 238 1497 418 1504 576 1514 701 1512 776 1523 868 1521 1043 1529 1094 1538 1139 1540 1262 1548 1309 1546 1399 1557 1523 1555 1553 1559" HPOS="151.0" VPOS="1454.0" WIDTH="1399.0" HEIGHT="152.0">
            <Shape>
              <Polygon POINTS="151 1489 162 1461 206 1463 215 1454 264 1469 322 1461 343 1482 366 1463 409 1480 469 1463 486 1478 569 1478 588 1495 625 1476 633 1486 659 1484 678 1497 701 1484 746 1493 787 1482 825 1506 893 1486 913 1495 955 1493 972 1512 989 1501 1019 1514 1041 1495 1092 1518 1128 1512 1143 1499 1160 1514 1194 1506 1216 1521 1241 1508 1262 1521 1326 1521 1335 1529 1378 1516 1405 1542 1429 1525 1497 1538 1523 1531 1550 1557 1544 1600 1533 1606 1499 1589 1395 1604 1371 1582 1344 1597 1333 1587 1271 1585 1260 1572 1241 1585 1211 1576 1147 1585 1128 1565 1107 1578 1070 1578 1045 1563 1028 1574 992 1557 955 1568 923 1561 910 1570 883 1568 868 1550 849 1563 827 1555 814 1563 778 1548 765 1559 759 1553 733 1561 712 1548 580 1550 567 1540 541 1553 524 1536 494 1550 465 1533 426 1542 413 1531 356 1544 343 1529 326 1533 305 1521 258 1531 247 1521 200 1518 185 1529 153 1514"/>
            </Shape>
	        <String CONTENT="couvert de fleurs que parce qu’il a le pied dans la boue." HPOS="151.0" VPOS="1454.0" WIDTH="1399.0" HEIGHT="152.0"></String>
          </TextLine>
        
        
	      <TextLine ID="eSc_line_229249" BASELINE="599 1591 629 1589 708 1600 1006 1617 1083 1617 1145 1625 1324 1634 1399 1632 1527 1642 1704 1642" HPOS="597.0" VPOS="1550.0" WIDTH="1105.0" HEIGHT="137.0">
            <Shape>
              <Polygon POINTS="597 1589 601 1555 637 1565 657 1550 682 1559 701 1580 746 1557 759 1572 800 1561 851 1576 1024 1582 1047 1600 1088 1602 1113 1580 1160 1602 1175 1591 1201 1597 1260 1589 1280 1602 1316 1600 1333 1617 1354 1600 1395 1606 1405 1617 1431 1608 1563 1619 1655 1612 1698 1621 1702 1640 1696 1674 1685 1681 1533 1674 1508 1683 1486 1666 1469 1676 1452 1672 1435 1687 1371 1661 1344 1676 1320 1674 1297 1653 1258 1668 1241 1659 1196 1664 1173 1640 1149 1657 1128 1657 1109 1640 1083 1655 1073 1646 970 1640 953 1649 898 1640 868 1653 838 1627 778 1651 765 1636 736 1634 718 1621 691 1634 635 1629 616 1617 599 1623"/>
            </Shape>
	        <String CONTENT="Mais arrêtons-nous. Je crains de vous scanda-" HPOS="597.0" VPOS="1550.0" WIDTH="1105.0" HEIGHT="137.0"></String>
          </TextLine>
        
        
	      <TextLine ID="eSc_line_229235" BASELINE="149 1641 567 1666 657 1674 704 1676 725 1683 776 1685 919 1693 1038 1691 1081 1700 1186 1702 1333 1708 1380 1717 1661 1717 1691 1721" HPOS="147.0" VPOS="1606.0" WIDTH="1542.0" HEIGHT="154.0">
            <Shape>
              <Polygon POINTS="147 1640 151 1617 164 1606 204 1623 277 1621 307 1646 360 1623 392 1634 490 1629 552 1646 588 1636 659 1646 684 1664 716 1642 738 1640 778 1655 793 1646 808 1653 829 1638 857 1657 942 1657 992 1670 1013 1655 1058 1674 1081 1657 1102 1666 1115 1659 1128 1672 1152 1664 1190 1676 1207 1666 1235 1681 1245 1672 1267 1676 1290 1661 1307 1676 1461 1691 1476 1704 1506 1696 1521 1708 1553 1685 1580 1696 1602 1685 1621 1700 1670 1691 1689 1719 1672 1749 1621 1747 1602 1760 1582 1747 1538 1749 1525 1736 1501 1749 1474 1734 1450 1747 1284 1732 1267 1740 1245 1730 1207 1738 1192 1725 1137 1730 1096 1717 1066 1723 1058 1713 1043 1723 1004 1723 983 1704 966 1715 872 1706 806 1713 770 1693 718 1704 699 1691 667 1713 646 1706 633 1715 550 1696 494 1700 469 1687 443 1702 356 1685 322 1698 309 1689 232 1691 215 1683 179 1691 151 1672"/>
            </Shape>
	        <String CONTENT="liser. Rassurez-vous, le déjeuner de Sceaux-s/Huisnes a été si" HPOS="147.0" VPOS="1606.0" WIDTH="1542.0" HEIGHT="154.0"></String>
          </TextLine>
        
        
	      <TextLine ID="eSc_line_229230" BASELINE="138 1736 471 1745 529 1751 640 1753 693 1762 846 1760 1013 1770 1382 1796 1587 1800 1638 1807" HPOS="136.0" VPOS="1696.0" WIDTH="1500.0" HEIGHT="155.0">
            <Shape>
              <Polygon POINTS="136 1734 142 1704 160 1698 198 1706 215 1696 243 1706 258 1696 298 1708 315 1700 379 1700 441 1734 473 1713 492 1719 520 1710 539 1721 569 1702 588 1721 614 1708 633 1728 665 1717 678 1728 704 1725 716 1740 740 1725 840 1725 878 1738 898 1730 917 1740 936 1725 953 1742 1011 1740 1049 1764 1088 1734 1107 1749 1139 1749 1152 1764 1175 1745 1190 1745 1222 1766 1237 1755 1275 1757 1297 1774 1324 1757 1350 1768 1367 1760 1384 1770 1395 1764 1416 1779 1489 1768 1516 1783 1561 1762 1585 1777 1621 1777 1636 1806 1580 1851 1531 1826 1506 1845 1478 1834 1429 1845 1376 1821 1363 1832 1324 1828 1288 1811 1265 1828 1250 1817 1222 1828 1179 1817 1162 1828 1126 1800 1026 1811 974 1794 947 1811 923 1792 902 1806 861 1798 838 1806 812 1789 768 1800 753 1787 689 1792 642 1779 620 1787 580 1770 541 1779 505 1768 488 1781 452 1757 437 1770 411 1768 390 1779 375 1764 172 1751 155 1757 140 1745"/>
            </Shape>
	        <String CONTENT="raisonnable, malgré ses raffinements, que je ne suis pas même" HPOS="136.0" VPOS="1696.0" WIDTH="1500.0" HEIGHT="155.0"></String>
          </TextLine>
        
        
	      <TextLine ID="eSc_line_229232" BASELINE="145 1813 260 1811 332 1821 484 1819 535 1824 567 1830 642 1828 708 1836 834 1838 953 1845 1068 1856 1169 1853 1292 1862 1333 1873 1431 1870 1610 1877 1696 1875" HPOS="142.0" VPOS="1770.0" WIDTH="1554.0" HEIGHT="156.0">
            <Shape>
              <Polygon POINTS="142 1811 147 1783 185 1770 213 1785 230 1774 262 1787 290 1772 313 1792 360 1787 381 1798 439 1785 465 1794 486 1783 501 1794 539 1796 556 1783 590 1806 612 1794 657 1802 678 1794 695 1806 716 1800 753 1813 774 1809 789 1821 827 1804 846 1811 859 1800 883 1815 979 1817 1004 1834 1047 1811 1075 1832 1115 1815 1145 1838 1173 1824 1256 1836 1282 1826 1297 1841 1307 1832 1318 1841 1337 1834 1378 1849 1390 1843 1446 1853 1467 1843 1514 1864 1546 1843 1576 1862 1600 1845 1689 1856 1696 1873 1687 1915 1674 1920 1644 1913 1595 1922 1580 1909 1538 1924 1461 1911 1427 1926 1378 1900 1361 1911 1282 1900 1224 1907 1211 1896 1181 1902 1113 1881 1077 1898 1028 1881 992 1894 964 1875 921 1892 906 1879 891 1888 870 1868 849 1877 785 1868 755 1879 716 1868 652 1870 629 1856 603 1870 558 1856 537 1864 516 1847 460 1864 428 1849 409 1856 354 1843 317 1851 256 1845 241 1853 217 1843 170 1845 147 1830"/>
            </Shape>
	        <String CONTENT="arrivé en retard à l&#39;étape suivante, à La Ferté-Bernard, ou l&#39;on" HPOS="142.0" VPOS="1770.0" WIDTH="1554.0" HEIGHT="156.0"></String>
          </TextLine>
        
        
	      <TextLine ID="eSc_line_229236" BASELINE="138 1885 243 1890 381 1896 477 1907 599 1905 665 1913 738 1915 819 1922 974 1932 1115 1928 1233 1939 1427 1958 1623 1954" HPOS="136.0" VPOS="1851.0" WIDTH="1485.0" HEIGHT="152.0">
            <Shape>
              <Polygon POINTS="136 1883 140 1860 168 1851 206 1866 224 1858 296 1868 330 1858 347 1870 403 1864 450 1888 494 1862 509 1877 526 1875 541 1885 569 1870 590 1879 631 1879 640 1870 678 1875 689 1885 723 1879 731 1888 812 1894 861 1888 883 1905 900 1892 921 1898 949 1890 987 1920 1009 1902 1056 1894 1113 1915 1156 1898 1166 1909 1203 1907 1228 1917 1265 1911 1280 1924 1301 1911 1352 1928 1393 1920 1416 1930 1442 1924 1489 1932 1501 1924 1540 1952 1568 1928 1604 1928 1621 1952 1614 2003 1602 1994 1544 2003 1529 1992 1480 2001 1465 1986 1437 1998 1403 1984 1386 1996 1339 1986 1318 1992 1292 1979 1256 1977 1248 1986 1198 1969 1143 1979 1096 1964 1081 1973 1049 1966 1036 1956 1015 1966 992 1954 972 1964 953 1954 923 1962 898 1947 861 1958 844 1941 812 1962 793 1949 716 1956 689 1945 680 1954 637 1937 563 1949 544 1934 486 1937 462 1924 435 1943 409 1924 390 1934 328 1926 273 1928 262 1937 249 1924 179 1924 140 1909"/>
            </Shape>
	        <String CONTENT="m&#39;attendait. La Ferté-Bernard est, avec Nogent-le-Rotrou, la" HPOS="136.0" VPOS="1851.0" WIDTH="1485.0" HEIGHT="152.0"></String>
          </TextLine>
        
        
	      <TextLine ID="eSc_line_229246" BASELINE="132 1966 307 1975 394 1975 435 1981 486 1984 605 1981 648 1990 710 1990 1253 2030 1738 2040" HPOS="130.0" VPOS="1930.0" WIDTH="1606.0" HEIGHT="154.0">
            <Shape>
              <Polygon POINTS="130 1964 136 1943 151 1934 202 1941 224 1930 238 1943 256 1937 277 1947 300 1932 347 1958 379 1941 416 1958 458 1941 503 1954 518 1945 537 1964 558 1949 610 1964 629 1952 665 1964 729 1958 761 1964 793 1988 821 1969 838 1973 866 1958 930 1977 977 1977 989 1988 1009 1977 1079 1979 1090 1988 1117 1975 1149 1986 1173 1975 1198 1992 1209 1986 1271 1998 1314 1994 1337 2011 1361 1998 1384 1998 1401 2013 1425 1998 1491 2013 1619 2011 1651 2001 1732 2020 1736 2039 1696 2080 1651 2080 1625 2065 1604 2077 1578 2060 1536 2075 1504 2067 1480 2084 1454 2067 1422 2067 1405 2077 1286 2058 1265 2069 1239 2045 1220 2060 1177 2062 1149 2037 1115 2054 1094 2041 1066 2052 1017 2037 972 2048 917 2041 902 2030 866 2041 834 2024 795 2037 686 2022 663 2030 584 2020 571 2028 514 2011 403 2018 392 2009 352 2013 315 1998 290 2009 275 2001 209 2011 183 2001 166 2007 132 1981"/>
            </Shape>
	        <String CONTENT="capitale du pays du Perche, célèbre par l&#39;élevage et l’exportation" HPOS="130.0" VPOS="1930.0" WIDTH="1606.0" HEIGHT="154.0"></String>
          </TextLine>
        
        
	      <TextLine ID="eSc_line_229231" BASELINE="133 2049 196 2052 324 2050 401 2058 539 2058 718 2067 776 2077 913 2075 972 2086 1081 2086 1143 2092 1201 2092 1309 2101 1376 2112 1710 2107" HPOS="132.0" VPOS="2007.0" WIDTH="1576.0" HEIGHT="151.0">
            <Shape>
              <Polygon POINTS="132 2048 136 2020 157 2007 200 2028 226 2018 285 2020 296 2028 317 2011 358 2030 420 2018 443 2037 467 2020 505 2033 582 2028 661 2056 695 2039 731 2037 778 2058 823 2035 874 2052 966 2048 1030 2067 1047 2056 1109 2056 1137 2073 1160 2062 1207 2073 1222 2065 1241 2075 1280 2069 1369 2086 1390 2073 1420 2097 1437 2084 1457 2088 1469 2080 1529 2086 1557 2107 1570 2099 1580 2105 1625 2080 1676 2080 1704 2090 1708 2105 1702 2139 1659 2154 1638 2144 1597 2154 1574 2135 1546 2158 1533 2150 1514 2158 1491 2141 1467 2156 1440 2144 1418 2156 1371 2144 1337 2154 1309 2131 1277 2144 1256 2135 1224 2144 1211 2133 1169 2135 1154 2124 1053 2131 1024 2105 1004 2120 947 2112 925 2124 906 2116 872 2122 823 2107 782 2116 768 2103 736 2109 676 2099 665 2107 625 2107 599 2090 567 2094 550 2086 529 2103 507 2105 462 2088 439 2097 405 2088 392 2097 358 2080 337 2088 324 2080 307 2090 290 2080 264 2082 251 2090 215 2069 183 2084 136 2062"/>
            </Shape>
	        <String CONTENT="de ses beaux chevaux. Les Américains les connaissent bien. J&#39;ai" HPOS="132.0" VPOS="2007.0" WIDTH="1576.0" HEIGHT="151.0"></String>
          </TextLine>
        
        
	      <TextLine ID="eSc_line_229234" BASELINE="128 2129 294 2126 375 2137 686 2144 727 2154 974 2161 1201 2169 1408 2188 1685 2188" HPOS="128.0" VPOS="2086.0" WIDTH="1555.0" HEIGHT="149.0">
            <Shape>
              <Polygon POINTS="128 2126 132 2092 149 2086 162 2097 211 2090 285 2103 320 2092 341 2109 381 2092 407 2112 443 2099 490 2107 509 2122 526 2109 635 2109 654 2120 704 2122 718 2112 744 2131 768 2120 840 2118 889 2139 910 2122 981 2141 1000 2131 1081 2131 1117 2144 1188 2139 1211 2150 1260 2141 1292 2165 1320 2150 1365 2173 1382 2161 1476 2165 1486 2156 1512 2165 1640 2167 1678 2152 1683 2186 1674 2227 1629 2225 1617 2235 1591 2235 1568 2218 1504 2233 1420 2231 1401 2216 1384 2229 1373 2220 1361 2231 1331 2222 1318 2231 1301 2218 1256 2218 1235 2201 1205 2216 1177 2205 1158 2216 1132 2197 1100 2208 1085 2197 1073 2205 1049 2193 1015 2199 992 2188 957 2203 936 2193 891 2190 878 2180 859 2193 782 2171 750 2188 697 2173 665 2173 646 2186 629 2178 563 2180 554 2171 494 2171 480 2158 448 2173 396 2163 356 2169 343 2161 315 2169 292 2154 211 2163 198 2150 170 2165 132 2139"/>
            </Shape>
	        <String CONTENT="toujours vu des acheteurs venir des Etats-Unis à La Ferté-Bernard" HPOS="128.0" VPOS="2086.0" WIDTH="1555.0" HEIGHT="149.0"></String>
          </TextLine>
        
        
	      <TextLine ID="eSc_line_229242" BASELINE="133 2205 249 2203 343 2208 405 2214 520 2212 622 2222 814 2231 928 2229 953 2231 1274 2267 1648 2273" HPOS="132.0" VPOS="2154.0" WIDTH="1514.0" HEIGHT="147.0">
            <Shape>
              <Polygon POINTS="132 2203 140 2154 155 2171 177 2169 189 2182 209 2167 232 2178 268 2169 290 2188 305 2176 373 2182 409 2171 441 2186 475 2173 501 2186 618 2182 669 2197 680 2188 716 2208 770 2197 793 2212 810 2197 846 2201 870 2190 887 2201 898 2193 917 2203 938 2197 960 2210 1036 2205 1077 2222 1124 2205 1145 2210 1169 2231 1198 2218 1271 2233 1290 2225 1318 2237 1378 2233 1408 2254 1459 2233 1476 2244 1512 2235 1531 2242 1555 2231 1565 2242 1582 2240 1614 2269 1646 2272 1625 2272 1591 2297 1570 2291 1553 2301 1540 2289 1491 2301 1469 2291 1433 2295 1412 2280 1356 2299 1339 2286 1299 2282 1233 2289 1205 2278 1194 2286 1171 2265 1147 2274 1090 2269 1073 2252 1049 2267 1017 2272 992 2257 957 2261 932 2246 915 2257 849 2248 827 2261 789 2246 738 2252 725 2242 661 2252 625 2235 599 2246 576 2237 554 2252 503 2235 439 2246 424 2233 356 2242 339 2229 322 2242 285 2220 228 2235 196 2218 183 2229 134 2233"/>
            </Shape>
	        <String CONTENT="et les populations m&#39;ont su gré d’avoir dès longtemps compris," HPOS="132.0" VPOS="2154.0" WIDTH="1514.0" HEIGHT="147.0"></String>
          </TextLine>
        
        
	      <TextLine ID="eSc_line_229233" BASELINE="127 2278 285 2282 454 2291 571 2301 814 2308 1162 2325 1408 2342 1602 2342 1659 2336" HPOS="125.0" VPOS="2235.0" WIDTH="1532.0" HEIGHT="152.0">
            <Shape>
              <Polygon POINTS="125 2276 130 2235 160 2244 219 2237 266 2263 298 2242 349 2257 386 2250 416 2276 450 2250 467 2261 480 2252 501 2263 526 2252 541 2265 597 2261 646 2278 665 2267 718 2267 738 2284 797 2265 823 2280 904 2274 919 2282 955 2280 972 2295 1006 2269 1036 2289 1081 2280 1134 2299 1175 2301 1224 2289 1241 2304 1256 2299 1275 2310 1299 2301 1309 2314 1331 2306 1367 2316 1401 2312 1448 2336 1491 2310 1521 2318 1548 2306 1559 2314 1636 2310 1657 2336 1646 2363 1604 2363 1568 2387 1544 2374 1501 2382 1459 2348 1418 2378 1382 2368 1358 2385 1339 2365 1307 2376 1286 2361 1218 2365 1203 2350 1177 2361 1145 2342 1117 2361 1094 2361 1060 2344 1036 2357 1015 2340 992 2340 970 2321 938 2344 915 2346 900 2333 864 2355 832 2329 793 2350 768 2353 731 2318 721 2327 691 2323 674 2336 652 2321 629 2331 610 2321 573 2321 554 2333 531 2316 503 2318 480 2306 454 2318 430 2306 401 2327 377 2308 320 2336 273 2301 247 2301 211 2318 128 2304"/>
            </Shape>
	        <String CONTENT="comme elles, l’avenir des relations franco-américaines. Pendant" HPOS="125.0" VPOS="2235.0" WIDTH="1532.0" HEIGHT="152.0"></String>
          </TextLine>
        </TextBlock>
        
      </PrintSpace>
    </Page>
  </Layout>
</alto>
