1920 2560
810 32 220 98 - 2 -

113 206 1559 137 législatives en sont la preuve. Elles ont anti-démocratique,

115 345 441 90 sans aucun doute.

601 424 1107 83 Et ce n'est pas seulement dans nos journaux

119 507 1532 90 et dans les milieux réactionnaires et cléricaux de Paris, et

121 597 1611 85 dans les résultats toujours discutables des élections, qu'on en

119 689 1498 91 voit la preuve. La France a encore dans le sang toute son

121 772 1666 83 histoire, dont plusieurs très grands siècles, pénétrée du souvenir

145 855 1489 83 de la magnificence royale et impériale, - contre un siècle à

145 938 1459 83 peine du souvenir d’une république toujours combattue, pas

153 1026 1496 81 toujours heureuse ni raisonnable. Ne pensez pas que le plus

142 1107 1556 81 lointain souvenir soit effacé complètement ; il revit dans les

136 1188 1626 92 heures de crise ; tous les ennemis, qui sont nombreux, du nivel-

147 1275 1478 79 lement démocratique, l'entretiennent dans les coeurs par la

142 1356 1539 81 tradition, par la légende, par l’enseignement, par la tendance

151 1433 1472 85 que nous avons enfin à nous plaindre toujours de ce que nous

149 1521 1525 79 avons et à regretter ce que nous n’avons plus. - "Que la Répu-

153 1602 1506 83 blique était belle.... sous l'Empire ;" disaient nos désabusés,

142 1678 1532 86 après 1871 : quand la République faisait l’effort terrible que

151 1755 1532 92 l'on sait pour régénérer la France et bouleverser nos routines,

650 1834 1092 94 Voici encore un mot qui en dit long, prononcé

155 1909 1494 104 par une mère, une paysanne, à La Flèche il est vrai, mais par

149 1992 683 90 une mère, pendant la guerre:

659 2060 1032 111 "J'ai deux fils aux armées ; je les sacri-

181 2144 702 91 fierais pour avoir un Roi ! ".
