<?xml version="1.0" encoding="UTF-8"?>
<alto xmlns:xsi="http://www.w3.org/2001/XMLSchema-instance"
	  xmlns="http://www.loc.gov/standards/alto/ns-v4#"
	  xsi:schemaLocation="http://www.loc.gov/standards/alto/ns-v4# https://gitlab.inria.fr/scripta/escriptorium/-/raw/develop/app/escriptorium/static/alto-4-1-baselines.xsd">
  <Description>
	<MeasurementUnit>pixel</MeasurementUnit>
	<sourceImageInformation>
	  <fileName>P1190716.JPG</fileName>
	</sourceImageInformation>
  </Description>
  <Layout>
    <Page WIDTH="1920" HEIGHT="2560" PHYSICAL_IMG_NR="2" ID="eSc_dummypage_">
      <PrintSpace HPOS="0" VPOS="0" WIDTH="1920" HEIGHT="2560">
        
        <TextBlock ID="eSc_dummyblock_">
	      <TextLine ID="eSc_line_228603" BASELINE="987 232 1142 240" HPOS="985.0" VPOS="196.0" WIDTH="156.0" HEIGHT="74.0">
            <Shape>
              <Polygon POINTS="985 230 989 206 996 215 1024 213 1049 196 1092 224 1128 204 1141 238 1134 262 1105 266 1090 253 1064 270 1036 253 987 253"/>
            </Shape>
	        <String CONTENT="- 3 -" HPOS="985.0" VPOS="196.0" WIDTH="156.0" HEIGHT="74.0"></String>
          </TextLine>
        
        
	      <TextLine ID="eSc_line_228604" BASELINE="279 371 428 379 612 377 750 388 821 386 883 396 1030 394 1073 401 1162 405 1282 403 1333 409 1632 411 1736 420 1821 438" HPOS="277.0" VPOS="320.0" WIDTH="1542.0" HEIGHT="138.0">
            <Shape>
              <Polygon POINTS="277 369 302 337 324 341 349 324 373 343 388 343 428 320 448 337 484 330 494 339 509 328 541 347 578 341 599 349 631 337 654 352 678 343 738 360 802 341 832 366 855 347 876 362 921 337 947 339 977 366 1019 349 1049 349 1077 362 1098 352 1132 371 1192 371 1220 360 1235 373 1248 366 1297 379 1329 364 1365 375 1397 364 1418 375 1461 362 1474 373 1510 375 1546 362 1565 373 1636 379 1670 362 1693 381 1796 398 1813 411 1819 437 1794 458 1760 448 1747 454 1740 445 1725 452 1717 443 1693 452 1668 430 1640 443 1578 430 1510 441 1474 426 1425 437 1405 428 1382 439 1369 428 1337 445 1299 445 1269 422 1245 437 1224 428 1209 439 1160 424 1139 441 1107 424 1030 430 962 409 925 424 853 409 819 422 736 405 674 411 616 394 576 413 554 401 492 407 407 392 322 401 279 428"/>
            </Shape>
	        <String CONTENT="sera là jusqu’à la fin, sans explication, comme la nature ; chacun" HPOS="277.0" VPOS="320.0" WIDTH="1542.0" HEIGHT="138.0"></String>
          </TextLine>
        
        
	      <TextLine ID="eSc_line_228605" BASELINE="275 450 416 450 462 456 512 454 565 456 637 452 780 465 928 473 1011 471 1090 482 1284 480 1309 484 1463 490 1610 488 1689 494 1794 506" HPOS="273.0" VPOS="411.0" WIDTH="1519.0" HEIGHT="122.0">
            <Shape>
              <Polygon POINTS="273 448 277 433 311 416 360 418 379 430 422 413 439 424 458 411 482 426 503 418 518 428 571 424 590 439 642 426 669 437 686 428 774 441 819 433 864 443 883 435 936 445 1090 441 1156 452 1188 443 1203 456 1280 445 1333 448 1354 458 1386 443 1403 454 1512 441 1553 456 1610 454 1629 443 1649 460 1683 450 1730 469 1745 465 1781 482 1792 505 1779 529 1751 533 1713 514 1698 524 1681 512 1608 518 1574 503 1550 520 1531 507 1444 514 1408 499 1373 512 1331 505 1316 516 1211 505 1184 524 1152 501 964 501 940 486 908 503 876 488 836 501 800 497 787 486 731 494 706 484 558 486 548 477 494 475 460 484 428 475 394 486 364 471 317 471 290 488 275 475"/>
            </Shape>
	        <String CONTENT="est présent ; et ceux qui ne sont plus, nombreux hélas, sont rem-" HPOS="273.0" VPOS="411.0" WIDTH="1519.0" HEIGHT="122.0"></String>
          </TextLine>
        
        
	      <TextLine ID="eSc_line_228606" BASELINE="281 526 362 532 437 531 558 531 610 535 635 541 657 539 917 550 940 548 1045 558 1207 556 1265 563 1518 567 1593 567 1644 569 1708 576 1812 595" HPOS="279.0" VPOS="486.0" WIDTH="1532.0" HEIGHT="126.0">
            <Shape>
              <Polygon POINTS="279 524 288 501 328 486 352 501 371 492 388 501 418 488 441 505 456 499 477 518 535 497 563 518 608 501 661 516 691 507 744 516 772 501 800 518 832 503 872 526 910 514 953 524 1075 518 1100 531 1166 522 1194 544 1211 529 1260 522 1346 535 1450 524 1463 537 1486 522 1557 537 1636 522 1668 537 1693 531 1706 541 1719 533 1738 550 1770 544 1804 571 1811 593 1779 612 1728 599 1646 608 1629 590 1610 593 1591 580 1538 597 1495 584 1395 588 1358 576 1337 590 1258 584 1224 599 1194 571 1166 586 1081 584 1064 573 1019 578 1004 590 964 565 938 578 889 565 872 580 842 569 810 578 776 569 763 580 733 565 676 567 657 556 640 565 597 556 588 563 569 550 539 565 531 556 492 563 471 546 450 561 435 552 328 552 300 563 281 552"/>
            </Shape>
	        <String CONTENT="placés ; la vie continue, la confiance existe comme par le passé." HPOS="279.0" VPOS="486.0" WIDTH="1532.0" HEIGHT="126.0"></String>
          </TextLine>
        
        
	      <TextLine ID="eSc_line_228607" BASELINE="280 603 322 601 437 610 554 610 590 618 686 616 970 631 1489 639 1809 662" HPOS="279.0" VPOS="571.0" WIDTH="1527.0" HEIGHT="130.0">
            <Shape>
              <Polygon POINTS="279 601 283 578 294 571 339 578 349 588 377 573 411 582 445 573 477 584 590 580 601 588 731 595 772 584 780 595 810 588 840 603 868 593 983 603 1015 597 1034 605 1126 595 1152 610 1252 599 1265 610 1410 610 1431 601 1450 612 1510 603 1523 610 1546 599 1570 614 1591 597 1629 616 1651 610 1693 627 1742 612 1798 642 1806 661 1770 701 1751 699 1736 684 1685 686 1666 672 1587 678 1557 665 1516 667 1497 652 1454 676 1408 663 1369 684 1344 663 1305 669 1292 659 1248 680 1226 663 1141 661 1126 650 1107 663 1043 654 1015 665 987 646 953 663 925 650 889 650 866 663 844 644 825 654 782 644 733 654 586 635 544 650 522 631 484 633 467 644 403 633 384 644 373 633 356 644 343 631 298 635 283 622"/>
            </Shape>
	        <String CONTENT="La Sarthe accompagne la jolie route sablée de jaune où glisse mon" HPOS="279.0" VPOS="571.0" WIDTH="1527.0" HEIGHT="130.0"></String>
          </TextLine>
        
        
	      <TextLine ID="eSc_line_228609" BASELINE="278 684 422 684 514 691 537 697 588 693 663 693 759 704 906 701 983 712 1201 708 1222 714 1307 721 1610 718 1632 723 1674 722" HPOS="277.0" VPOS="642.0" WIDTH="1395.0" HEIGHT="108.0">
            <Shape>
              <Polygon POINTS="277 682 281 659 313 654 328 642 405 667 458 652 469 663 494 654 554 669 582 657 654 672 682 661 695 669 938 680 957 667 989 682 1006 674 1064 682 1090 672 1102 684 1145 676 1154 684 1350 684 1365 693 1390 684 1467 691 1510 678 1529 689 1561 682 1572 693 1591 684 1606 697 1659 680 1672 721 1666 736 1640 750 1533 746 1518 733 1484 750 1388 740 1371 746 1356 733 1322 746 1205 740 1196 748 1145 729 1111 740 1034 740 977 727 902 731 885 746 864 727 838 729 823 716 804 727 727 723 718 731 704 721 571 725 561 716 509 721 433 708 396 718 373 708 296 710 281 697"/>
            </Shape>
	        <String CONTENT="auto, entre les larges contre-allées de gazon et les haies" HPOS="277.0" VPOS="642.0" WIDTH="1395.0" HEIGHT="108.0"></String>
          </TextLine>
        
        
	      <TextLine ID="eSc_line_228610" BASELINE="270 755 300 761 326 763 347 761 441 765 503 772 586 770 736 780 840 778 964 789 1111 787 1211 795 1282 797 1403 797 1431 793 1457 800 1486 802 1636 806 1763 814" HPOS="268.0" VPOS="723.0" WIDTH="1494.0" HEIGHT="119.0">
            <Shape>
              <Polygon POINTS="268 753 288 736 349 738 366 723 381 736 443 736 462 748 514 733 526 742 561 736 573 746 616 744 631 757 672 740 733 753 750 744 810 755 836 746 896 757 951 750 962 759 989 750 1034 759 1062 750 1077 759 1147 753 1162 763 1188 755 1205 765 1245 759 1324 770 1367 755 1435 770 1480 757 1506 770 1518 759 1546 768 1582 761 1602 772 1664 768 1681 782 1751 789 1762 812 1728 842 1529 821 1480 832 1433 823 1412 834 1393 819 1365 832 1356 821 1314 827 1284 812 1260 829 1218 819 1186 829 1143 808 1126 817 1045 812 1006 821 994 810 972 817 921 806 842 814 827 804 814 814 789 802 759 812 716 797 667 808 657 797 629 797 612 808 593 795 578 808 558 795 539 802 475 789 441 800 428 789 398 797 352 787 281 795 270 785"/>
            </Shape>
	        <String CONTENT="vertes ; l&#39;eau miroite au souffle du vent, fraîche, étincelante" HPOS="268.0" VPOS="723.0" WIDTH="1494.0" HEIGHT="119.0"></String>
          </TextLine>
        
        
	      <TextLine ID="eSc_line_228611" BASELINE="275 840 394 844 462 846 576 846 597 851 701 857 827 855 906 866 1139 864 1184 870 1265 874 1433 872 1538 883 1704 881 1747 888" HPOS="273.0" VPOS="806.0" WIDTH="1472.0" HEIGHT="113.0">
            <Shape>
              <Polygon POINTS="273 838 277 821 300 806 347 823 390 806 416 817 471 814 499 829 509 821 535 827 576 808 648 832 669 819 776 827 789 836 806 823 827 832 881 825 906 842 925 827 949 834 972 821 1024 840 1139 832 1154 842 1239 836 1250 844 1288 844 1305 829 1346 851 1363 836 1380 846 1418 836 1484 853 1501 844 1553 840 1565 851 1617 840 1664 859 1725 849 1740 853 1745 887 1702 919 1649 900 1629 917 1570 900 1553 910 1508 906 1476 881 1446 906 1427 896 1405 906 1388 898 1369 904 1350 889 1322 908 1305 898 1239 902 1184 887 1145 896 1100 891 1092 900 1047 885 1017 887 983 913 951 889 919 889 906 878 874 889 853 878 821 887 797 876 750 885 663 874 629 887 601 874 537 870 501 883 490 874 409 868 360 881 347 868 332 872 317 861 288 864 275 874"/>
            </Shape>
	        <String CONTENT="ou bleue. Elle vient avec moi. Après Noyen, cest Fercé, sur" HPOS="273.0" VPOS="806.0" WIDTH="1472.0" HEIGHT="113.0"></String>
          </TextLine>
        
        
	      <TextLine ID="eSc_line_228612" BASELINE="278 917 322 915 394 925 533 923 650 934 791 932 906 942 1124 940 1177 953 1361 949 1408 955 1489 955 1536 960 1683 960 1725 968" HPOS="277.0" VPOS="876.0" WIDTH="1446.0" HEIGHT="118.0">
            <Shape>
              <Polygon POINTS="277 915 279 889 294 876 343 898 364 887 386 896 409 889 518 898 533 906 576 896 595 906 629 898 674 904 695 891 712 904 750 898 780 913 834 902 868 908 902 898 921 910 960 915 1028 906 1034 915 1152 921 1177 906 1198 925 1243 910 1256 919 1299 913 1309 923 1326 913 1356 925 1390 915 1420 921 1435 910 1463 928 1480 919 1540 925 1553 915 1608 930 1685 925 1719 951 1723 966 1683 994 1582 981 1553 992 1531 979 1508 987 1469 979 1450 994 1414 972 1369 983 1348 966 1314 983 1305 974 1218 977 1207 966 1184 977 1156 962 1109 974 970 960 951 970 791 955 763 962 723 949 646 960 558 953 535 940 488 955 430 945 411 960 390 947 337 942 281 951"/>
            </Shape>
	        <String CONTENT="la hauteur et d&#39;où la rivière s’amuse à faire de jolis rubans" HPOS="277.0" VPOS="876.0" WIDTH="1446.0" HEIGHT="118.0"></String>
          </TextLine>
        
        
	      <TextLine ID="eSc_line_228613" BASELINE="281 996 337 1002 509 1000 620 1011 814 1009 885 1017 1094 1017 1169 1028 1312 1026 1531 1036 1670 1034 1770 1044" HPOS="279.0" VPOS="945.0" WIDTH="1489.0" HEIGHT="132.0">
            <Shape>
              <Polygon POINTS="279 994 283 960 328 970 354 962 386 981 424 964 460 981 524 945 550 968 590 981 610 972 631 981 669 974 744 985 853 979 902 998 945 981 1009 994 1049 985 1073 998 1154 987 1181 996 1201 981 1228 998 1241 992 1269 1002 1314 996 1326 985 1393 1000 1412 985 1431 998 1442 992 1521 1004 1529 996 1546 1011 1574 992 1608 992 1627 1002 1668 994 1702 1017 1719 1009 1751 1017 1768 1043 1762 1073 1725 1077 1702 1062 1683 1075 1627 1062 1565 1062 1550 1051 1525 1062 1495 1045 1461 1062 1344 1051 1312 1060 1288 1045 1235 1064 1207 1041 1177 1053 1120 1047 1107 1056 1096 1045 1017 1036 962 1051 932 1043 910 1049 900 1038 887 1047 846 1045 825 1034 782 1047 733 1030 640 1041 629 1030 569 1036 539 1026 514 1038 497 1030 454 1043 426 1026 413 1034 377 1024 283 1026"/>
            </Shape>
	        <String CONTENT="dans la plaine plus riche, plus fertile que jamais. A Fercé, le" HPOS="279.0" VPOS="945.0" WIDTH="1489.0" HEIGHT="132.0"></String>
          </TextLine>
        
        
	      <TextLine ID="eSc_line_228614" BASELINE="278 1075 349 1077 518 1079 595 1088 808 1085 872 1094 1056 1094 1169 1102 1371 1102 1420 1109 1472 1109 1521 1113 1670 1111 1758 1124" HPOS="277.0" VPOS="1028.0" WIDTH="1480.0" HEIGHT="124.0">
            <Shape>
              <Polygon POINTS="277 1073 281 1028 317 1047 386 1045 411 1060 433 1049 488 1047 505 1064 578 1049 603 1058 640 1053 665 1066 706 1062 718 1051 765 1053 797 1066 836 1066 855 1053 885 1066 915 1058 934 1066 1075 1073 1094 1058 1109 1068 1134 1064 1160 1075 1175 1068 1252 1077 1309 1075 1339 1062 1386 1094 1414 1075 1476 1068 1536 1085 1561 1073 1597 1096 1617 1079 1719 1079 1753 1107 1757 1122 1721 1149 1708 1143 1698 1152 1657 1134 1619 1143 1593 1124 1578 1137 1555 1132 1542 1143 1476 1132 1459 1141 1427 1132 1412 1143 1378 1128 1320 1137 1273 1124 1243 1137 1192 1124 1077 1132 1056 1113 1045 1124 1011 1126 915 1120 896 1109 827 1126 750 1107 689 1120 595 1102 531 1111 505 1096 488 1109 360 1107 302 1096 281 1105"/>
            </Shape>
	        <String CONTENT="Maire est sur sa porte, le visage épanoui, avec sa femme et son" HPOS="277.0" VPOS="1028.0" WIDTH="1480.0" HEIGHT="124.0"></String>
          </TextLine>
        
        
	      <TextLine ID="eSc_line_228615" BASELINE="275 1149 332 1152 407 1156 533 1154 599 1164 789 1162 844 1171 896 1173 1068 1171 1367 1181 1414 1177 1561 1190 1728 1190" HPOS="273.0" VPOS="1115.0" WIDTH="1455.0" HEIGHT="109.0">
            <Shape>
              <Polygon POINTS="273 1147 292 1117 330 1115 356 1132 375 1124 390 1137 439 1122 452 1132 492 1128 548 1141 599 1122 622 1137 682 1130 691 1139 748 1126 778 1126 812 1141 836 1128 889 1141 938 1132 953 1145 1043 1134 1068 1147 1126 1139 1137 1149 1181 1149 1205 1139 1243 1162 1282 1143 1297 1152 1352 1145 1388 1160 1437 1139 1474 1158 1501 1143 1514 1154 1538 1152 1546 1162 1574 1152 1602 1158 1617 1145 1634 1158 1655 1152 1700 1160 1717 1152 1728 1188 1704 1218 1602 1213 1587 1224 1568 1216 1553 1222 1540 1211 1482 1211 1454 1224 1429 1201 1395 1218 1380 1207 1290 1209 1243 1196 1233 1205 1192 1205 1177 1194 1132 1203 1102 1194 1077 1211 1056 1192 992 1211 966 1188 949 1201 857 1192 800 1203 761 1186 710 1196 691 1184 674 1198 659 1186 633 1186 618 1196 552 1177 526 1192 480 1181 426 1188 413 1179 373 1186 302 1173 277 1179"/>
            </Shape>
	        <String CONTENT="fils, jeune héros démobilisé, que j&#39;ai vu naître, heureusement" HPOS="273.0" VPOS="1115.0" WIDTH="1455.0" HEIGHT="109.0"></String>
          </TextLine>
        
        
	      <TextLine ID="eSc_line_228616" BASELINE="273 1228 541 1235 563 1241 736 1239 934 1250 1056 1248 1205 1258 1399 1260 1518 1267 1666 1267 1714 1272" HPOS="270.0" VPOS="1196.0" WIDTH="1443.0" HEIGHT="103.0">
            <Shape>
              <Polygon POINTS="270 1226 279 1205 302 1196 356 1207 396 1201 430 1218 458 1198 482 1207 501 1198 518 1209 563 1205 629 1220 637 1211 661 1220 674 1209 725 1209 782 1222 840 1209 883 1222 960 1224 1009 1211 1049 1222 1085 1216 1096 1226 1139 1228 1152 1220 1207 1230 1262 1220 1273 1228 1329 1222 1356 1233 1416 1233 1431 1222 1512 1237 1527 1224 1559 1237 1568 1228 1578 1237 1672 1237 1700 1228 1708 1230 1713 1271 1676 1294 1617 1290 1593 1299 1570 1277 1546 1294 1527 1286 1425 1290 1405 1277 1386 1290 1348 1282 1314 1292 1282 1280 1237 1284 1218 1271 1205 1282 1126 1284 1105 1269 1081 1280 983 1273 964 1282 938 1262 881 1275 785 1265 706 1277 695 1267 684 1273 676 1262 654 1260 584 1262 569 1275 544 1260 469 1258 456 1267 437 1250 386 1262 275 1256"/>
            </Shape>
	        <String CONTENT="revenu indemne. Nous sommes quatre avec un seul cœeur. Nous" HPOS="270.0" VPOS="1196.0" WIDTH="1443.0" HEIGHT="103.0"></String>
          </TextLine>
        
        
	      <TextLine ID="eSc_line_228617" BASELINE="264 1303 324 1309 465 1307 565 1318 782 1316 919 1326 1122 1324 1405 1333 1521 1344 1734 1344 1786 1346" HPOS="262.0" VPOS="1267.0" WIDTH="1523.0" HEIGHT="115.0">
            <Shape>
              <Polygon POINTS="262 1301 279 1280 311 1273 339 1282 356 1267 401 1284 420 1275 445 1286 456 1277 471 1290 494 1275 537 1290 620 1284 661 1292 787 1288 795 1297 806 1288 829 1297 942 1292 974 1301 1056 1290 1068 1299 1120 1299 1164 1288 1179 1301 1207 1290 1226 1305 1248 1297 1256 1305 1292 1299 1303 1307 1318 1299 1444 1309 1474 1297 1512 1316 1536 1303 1557 1312 1587 1307 1610 1320 1638 1299 1653 1312 1713 1307 1730 1322 1755 1320 1785 1344 1734 1369 1653 1369 1638 1382 1625 1371 1548 1376 1533 1367 1484 1369 1474 1378 1450 1363 1431 1373 1416 1363 1399 1371 1378 1354 1331 1371 1275 1361 1256 1373 1218 1352 1177 1361 1134 1352 1117 1367 1085 1352 1058 1367 1034 1352 992 1348 974 1356 936 1344 861 1348 838 1365 808 1339 765 1344 753 1354 712 1344 654 1350 584 1339 567 1348 469 1335 290 1335 266 1344"/>
            </Shape>
	        <String CONTENT="voulions la paix, nous avons combattu la guerre et nous continue-" HPOS="262.0" VPOS="1267.0" WIDTH="1523.0" HEIGHT="115.0"></String>
          </TextLine>
        
        
	      <TextLine ID="eSc_line_228618" BASELINE="273 1388 302 1384 439 1384 618 1395 849 1395 898 1403 1107 1401 1160 1414 1184 1410 1384 1412 1427 1414 1529 1416 1553 1420 1751 1416" HPOS="270.0" VPOS="1348.0" WIDTH="1479.0" HEIGHT="109.0">
            <Shape>
              <Polygon POINTS="270 1386 275 1361 294 1352 354 1350 384 1371 403 1356 503 1361 524 1376 556 1348 578 1363 721 1371 761 1365 804 1369 823 1382 840 1367 936 1367 962 1382 998 1369 1075 1369 1094 1378 1201 1378 1218 1390 1233 1378 1286 1378 1314 1390 1348 1376 1367 1386 1422 1382 1431 1373 1463 1388 1489 1380 1506 1388 1525 1384 1553 1401 1576 1384 1708 1384 1732 1393 1749 1414 1740 1444 1651 1444 1636 1457 1617 1446 1572 1446 1557 1433 1540 1446 1472 1440 1416 1450 1378 1429 1354 1446 1318 1435 1282 1444 1267 1433 1222 1433 1209 1422 1181 1427 1158 1446 1032 1420 951 1425 940 1433 874 1418 855 1427 823 1405 791 1427 765 1420 740 1429 731 1420 669 1425 650 1416 625 1425 608 1414 590 1422 548 1420 526 1408 512 1416 407 1420 388 1405 349 1414 294 1408 275 1416"/>
            </Shape>
	        <String CONTENT="rons comme auparavant. C&#39;est si clair. A quoi bon des discours" HPOS="270.0" VPOS="1348.0" WIDTH="1479.0" HEIGHT="109.0"></String>
          </TextLine>
        
        
	      <TextLine ID="eSc_line_228619" BASELINE="275 1463 482 1461 505 1465 554 1465 618 1472 866 1469 887 1476 949 1480 1149 1478 1198 1482 1228 1489 1367 1486 1555 1497 1668 1493" HPOS="275.0" VPOS="1427.0" WIDTH="1393.0" HEIGHT="100.0">
            <Shape>
              <Polygon POINTS="275 1463 279 1431 341 1427 462 1440 475 1450 516 1429 546 1442 565 1442 580 1429 616 1448 659 1435 684 1448 736 1437 819 1444 840 1454 872 1444 910 1459 940 1446 1049 1454 1102 1444 1115 1452 1169 1452 1190 1469 1209 1452 1480 1463 1497 1448 1544 1463 1629 1459 1668 1493 1649 1521 1619 1508 1597 1527 1523 1521 1508 1508 1493 1523 1429 1521 1408 1506 1393 1506 1373 1523 1344 1514 1248 1521 1213 1499 1190 1516 1154 1506 1113 1521 1090 1501 1073 1510 1053 1495 1032 1506 960 1510 832 1495 782 1495 772 1506 721 1493 494 1497 482 1484 441 1497 409 1486 386 1495 371 1486 279 1495"/>
            </Shape>
	        <String CONTENT="pour une chose si simple ! Entre temps, on rit ; car il y a" HPOS="275.0" VPOS="1427.0" WIDTH="1393.0" HEIGHT="100.0"></String>
          </TextLine>
        
        
	      <TextLine ID="eSc_line_228620" BASELINE="264 1533 296 1540 524 1538 714 1548 834 1546 917 1557 1130 1555 1237 1565 1405 1563 1587 1572 1693 1572" HPOS="264.0" VPOS="1504.0" WIDTH="1429.0" HEIGHT="98.0">
            <Shape>
              <Polygon POINTS="264 1533 285 1504 302 1512 448 1512 473 1523 486 1512 529 1510 550 1521 573 1514 610 1525 770 1518 791 1531 825 1521 908 1529 970 1514 1030 1531 1075 1514 1092 1529 1169 1529 1184 1518 1220 1540 1230 1531 1271 1538 1286 1527 1297 1538 1309 1527 1344 1540 1401 1540 1412 1531 1482 1542 1585 1538 1597 1548 1614 1533 1689 1533 1693 1572 1687 1593 1670 1597 1610 1600 1591 1589 1576 1597 1459 1602 1422 1591 1371 1597 1346 1585 1282 1585 1248 1600 1226 1582 1203 1589 1162 1572 1147 1585 1115 1589 1092 1578 1070 1587 1062 1578 1026 1582 1002 1574 957 1580 936 1570 857 1587 834 1574 802 1580 721 1570 646 1572 618 1582 595 1570 561 1568 544 1576 507 1568 490 1576 477 1563 450 1574 439 1563 324 1572 268 1565"/>
            </Shape>
	        <String CONTENT="toujours place pour un rayon de soleil et pour un sourire dans" HPOS="264.0" VPOS="1504.0" WIDTH="1429.0" HEIGHT="98.0"></String>
          </TextLine>
        
        
	      <TextLine ID="eSc_line_228624" BASELINE="275 1617 580 1614 601 1619 657 1619 691 1625 876 1623 989 1634 1181 1632 1205 1638 1256 1638 1305 1642 1489 1642 1570 1646 1685 1642" HPOS="275.0" VPOS="1574.0" WIDTH="1410.0" HEIGHT="111.0">
            <Shape>
              <Polygon POINTS="275 1617 285 1574 305 1591 337 1587 354 1595 386 1576 424 1593 518 1585 526 1593 580 1595 610 1585 629 1602 654 1589 689 1600 834 1595 859 1604 881 1593 908 1606 934 1593 985 1602 1169 1597 1181 1608 1237 1602 1286 1612 1329 1604 1356 1617 1373 1606 1405 1617 1418 1606 1442 1621 1459 1610 1531 1612 1548 1621 1625 1617 1646 1602 1659 1614 1678 1612 1685 1642 1657 1670 1625 1674 1610 1661 1580 1685 1555 1670 1437 1678 1393 1659 1335 1678 1301 1655 1265 1666 1222 1653 1198 1668 1190 1659 1156 1666 1132 1649 1073 1664 1053 1653 1034 1657 1019 1644 942 1664 906 1646 885 1646 870 1661 829 1646 733 1649 712 1668 686 1649 578 1649 561 1638 520 1651 512 1642 279 1642"/>
            </Shape>
	        <String CONTENT="les épreuves de la France. Elle sait que la vie renaîtra, et" HPOS="275.0" VPOS="1574.0" WIDTH="1410.0" HEIGHT="111.0"></String>
          </TextLine>
        
        
	      <TextLine ID="eSc_line_228627" BASELINE="267 1693 358 1691 672 1691 763 1702 985 1700 1077 1710 1218 1708 1243 1713 1371 1719 1725 1718" HPOS="266.0" VPOS="1659.0" WIDTH="1457.0" HEIGHT="101.0">
            <Shape>
              <Polygon POINTS="266 1691 270 1668 339 1664 354 1672 371 1659 428 1672 443 1664 526 1668 565 1659 601 1670 633 1666 652 1678 669 1666 725 1672 738 1661 759 1674 791 1664 806 1676 844 1678 868 1668 896 1676 906 1666 951 1681 966 1672 1077 1681 1109 1674 1126 1683 1141 1676 1156 1689 1203 1672 1233 1687 1271 1681 1384 1693 1416 1685 1440 1702 1467 1691 1516 1693 1529 1683 1582 1689 1591 1681 1602 1687 1632 1678 1668 1689 1696 1674 1719 1687 1723 1717 1717 1753 1681 1740 1649 1753 1589 1738 1578 1747 1506 1749 1493 1760 1440 1725 1414 1749 1303 1745 1241 1730 1198 1745 1162 1725 1096 1740 1058 1730 1034 1738 996 1725 979 1738 951 1717 928 1738 913 1728 844 1719 829 1730 793 1723 782 1732 757 1723 661 1728 650 1717 567 1719 539 1730 529 1719 445 1721 428 1706 409 1723 396 1717 384 1728 347 1713 294 1725 270 1721"/>
            </Shape>
	        <String CONTENT="que le sacrifice des uns fait l’avenir des autres. Après Fercé," HPOS="266.0" VPOS="1659.0" WIDTH="1457.0" HEIGHT="101.0"></String>
          </TextLine>
        
        
	      <TextLine ID="eSc_line_228629" BASELINE="267 1762 309 1766 356 1766 401 1770 644 1768 748 1770 840 1779 1021 1779 1094 1783 1117 1787 1316 1785 1410 1792 1459 1792 1486 1796 1681 1792" HPOS="266.0" VPOS="1730.0" WIDTH="1412.0" HEIGHT="100.0">
            <Shape>
              <Polygon POINTS="266 1760 270 1730 302 1740 324 1730 379 1742 411 1730 433 1749 450 1749 469 1732 642 1747 663 1734 697 1755 740 1732 768 1757 789 1745 832 1753 859 1742 874 1751 1049 1751 1064 1762 1081 1753 1145 1757 1154 1749 1169 1757 1198 1749 1241 1760 1262 1753 1273 1762 1329 1751 1352 1766 1382 1755 1399 1766 1422 1757 1450 1783 1472 1766 1491 1770 1525 1757 1576 1768 1597 1760 1634 1766 1664 1753 1678 1792 1672 1819 1655 1817 1640 1830 1625 1819 1540 1828 1518 1811 1486 1830 1450 1811 1401 1830 1393 1821 1335 1824 1329 1815 1318 1824 1305 1813 1241 1815 1222 1800 1203 1815 1179 1806 1158 1819 1128 1798 1077 1817 1056 1804 1034 1819 996 1796 977 1809 964 1800 829 1796 800 1815 765 1796 746 1804 701 1794 682 1809 605 1794 567 1804 552 1794 443 1794 430 1802 270 1796"/>
            </Shape>
	        <String CONTENT="Maigné, puis Loué, où je trouve un de mes collègues du Conseil" HPOS="266.0" VPOS="1730.0" WIDTH="1412.0" HEIGHT="100.0"></String>
          </TextLine>
        
        
	      <TextLine ID="eSc_line_228628" BASELINE="264 1832 322 1838 345 1836 366 1841 578 1843 605 1847 849 1845 915 1856 1107 1856 1243 1864 1732 1869" HPOS="262.0" VPOS="1800.0" WIDTH="1468.0" HEIGHT="100.0">
            <Shape>
              <Polygon POINTS="262 1830 273 1813 298 1815 317 1800 339 1817 358 1802 384 1815 424 1809 462 1832 488 1809 503 1819 546 1817 554 1809 580 1826 599 1815 667 1824 682 1813 693 1821 750 1821 765 1832 785 1819 889 1824 898 1815 947 1832 1009 1819 1024 1828 1098 1819 1122 1830 1166 1824 1271 1841 1339 1834 1422 1845 1467 1836 1544 1845 1563 1834 1595 1841 1649 1830 1661 1836 1672 1828 1696 1836 1715 1828 1725 1832 1730 1868 1693 1894 1574 1890 1495 1900 1467 1885 1452 1896 1410 1898 1380 1883 1356 1900 1322 1890 1312 1898 1271 1890 1252 1900 1216 1877 1175 1892 1128 1873 1094 1888 1070 1879 962 1881 949 1870 919 1896 891 1875 868 1873 855 1881 836 1875 823 1885 806 1875 787 1883 772 1870 755 1879 708 1870 597 1873 588 1864 563 1873 465 1864 443 1883 420 1868 266 1870"/>
            </Shape>
	        <String CONTENT="Général, tout heureux d’avoir acheté, lui aussi, une auto améri-" HPOS="262.0" VPOS="1800.0" WIDTH="1468.0" HEIGHT="100.0"></String>
          </TextLine>
        
        
	      <TextLine ID="eSc_line_228625" BASELINE="269 1915 360 1913 384 1917 512 1917 693 1924 891 1922 964 1928 989 1934 1058 1930 1250 1930 1271 1934 1382 1941 1644 1941 1728 1934" HPOS="268.0" VPOS="1881.0" WIDTH="1460.0" HEIGHT="96.0">
            <Shape>
              <Polygon POINTS="268 1913 279 1881 294 1894 332 1883 396 1898 448 1888 467 1902 492 1883 535 1900 556 1885 599 1905 618 1896 725 1898 759 1890 804 1902 829 1892 855 1900 947 1894 989 1905 1073 1905 1096 1894 1107 1905 1156 1905 1188 1894 1243 1911 1271 1902 1282 1913 1316 1907 1348 1917 1384 1909 1399 1915 1410 1907 1446 1920 1495 1907 1531 1920 1559 1907 1702 1907 1728 1932 1704 1964 1655 1954 1640 1964 1604 1966 1593 1956 1521 1977 1484 1962 1469 1975 1320 1964 1254 1971 1239 1958 1190 1966 1145 1956 1128 1941 1102 1960 1047 1962 1032 1949 1015 1964 896 1947 840 1956 810 1945 753 1954 727 1947 718 1956 704 1947 665 1956 608 1954 599 1945 531 1952 503 1941 465 1952 409 1939 364 1952 343 1941 324 1956 273 1947"/>
            </Shape>
	        <String CONTENT="caine et de la conduire lui-même, pas très prudemment mais de si" HPOS="268.0" VPOS="1881.0" WIDTH="1460.0" HEIGHT="96.0"></String>
          </TextLine>
        
        
	      <TextLine ID="eSc_line_228626" BASELINE="258 1986 290 1992 584 1992 755 1998 960 1998 1143 2009 1316 2007 1446 2018 1677 2013" HPOS="256.0" VPOS="1956.0" WIDTH="1420.0" HEIGHT="94.0">
            <Shape>
              <Polygon POINTS="256 1984 266 1958 294 1964 313 1956 352 1977 377 1960 424 1969 462 1956 503 1977 571 1958 599 1977 665 1958 680 1969 804 1979 846 1960 876 1975 949 1966 964 1979 1013 1973 1028 1986 1060 1964 1094 1979 1162 1962 1190 1981 1292 1979 1307 1988 1318 1979 1348 1992 1371 1984 1429 1992 1457 1979 1486 1992 1514 1994 1529 1984 1576 1992 1606 1973 1629 1984 1664 1975 1676 2011 1657 2039 1587 2037 1570 2050 1523 2050 1484 2026 1465 2043 1339 2048 1303 2035 1243 2041 1216 2024 1196 2033 1147 2028 1130 2039 1100 2018 1060 2033 1034 2020 1015 2033 942 2033 814 2020 721 2030 622 2018 546 2028 533 2016 377 2026 364 2016 332 2024 260 2016"/>
            </Shape>
	        <String CONTENT="bon coeur. Là déjeuner excellent et très bon marché. Comment" HPOS="256.0" VPOS="1956.0" WIDTH="1420.0" HEIGHT="94.0"></String>
          </TextLine>
        
        
	      <TextLine ID="eSc_line_228622" BASELINE="258 2059 326 2065 384 2065 435 2069 753 2067 789 2073 915 2073 962 2077 1201 2075 1222 2080 1376 2086 1674 2086 1734 2080" HPOS="256.0" VPOS="2030.0" WIDTH="1476.0" HEIGHT="92.0">
            <Shape>
              <Polygon POINTS="256 2058 273 2037 302 2030 324 2039 349 2033 364 2045 396 2037 433 2043 445 2035 465 2052 503 2037 541 2045 561 2037 738 2050 806 2035 829 2052 859 2035 881 2048 938 2050 947 2041 983 2050 1017 2041 1041 2050 1152 2045 1179 2056 1233 2043 1265 2056 1282 2050 1320 2060 1358 2052 1380 2069 1422 2048 1454 2060 1538 2062 1553 2050 1636 2054 1723 2041 1732 2080 1725 2109 1696 2103 1625 2120 1602 2103 1585 2112 1480 2109 1395 2122 1380 2109 1314 2107 1299 2116 1265 2107 1245 2114 1220 2103 1198 2112 1186 2101 1130 2107 1117 2097 1105 2105 934 2094 893 2107 881 2097 851 2105 829 2090 804 2109 791 2099 757 2103 740 2094 631 2094 601 2105 590 2097 563 2105 501 2092 462 2103 450 2092 317 2092 298 2103 283 2092 260 2094"/>
            </Shape>
	        <String CONTENT="font ces aubergistes qui vous servent un repas de plusieurs plats," HPOS="256.0" VPOS="2030.0" WIDTH="1476.0" HEIGHT="92.0"></String>
          </TextLine>
        
        
	      <TextLine ID="eSc_line_228623" BASELINE="264 2131 294 2137 358 2135 418 2141 612 2141 657 2146 1002 2144 1028 2148 1154 2154 1369 2152 1433 2158 1582 2161" HPOS="264.0" VPOS="2105.0" WIDTH="1318.0" HEIGHT="90.0">
            <Shape>
              <Polygon POINTS="264 2131 268 2112 292 2105 339 2112 349 2122 373 2109 482 2109 514 2114 544 2135 580 2107 593 2118 669 2129 682 2118 823 2122 849 2109 870 2120 887 2112 904 2120 968 2112 983 2122 996 2109 1034 2139 1062 2116 1139 2120 1149 2109 1173 2124 1194 2118 1237 2129 1273 2129 1288 2118 1303 2133 1339 2122 1356 2133 1373 2118 1386 2129 1414 2129 1429 2118 1448 2135 1480 2133 1491 2122 1512 2133 1533 2118 1542 2126 1576 2122 1582 2161 1570 2180 1542 2182 1527 2195 1510 2182 1472 2195 1457 2180 1431 2193 1405 2178 1352 2193 1318 2176 1292 2190 1254 2169 1230 2184 1149 2173 1079 2184 1036 2150 1004 2176 989 2167 953 2180 928 2167 874 2167 853 2180 827 2163 789 2178 721 2171 686 2180 663 2158 640 2180 612 2167 565 2171 552 2158 535 2171 469 2163 441 2178 409 2165 364 2167 352 2154 337 2163 292 2161 283 2169 268 2156"/>
            </Shape>
	        <String CONTENT="vin compris, pour quatre francs ? Mystère. C’est à vivre" HPOS="264.0" VPOS="2105.0" WIDTH="1318.0" HEIGHT="90.0"></String>
          </TextLine>
        
        
	      <TextLine ID="eSc_line_228621" BASELINE="261 2212 608 2212 1380 2227 1674 2227" HPOS="260.0" VPOS="2176.0" WIDTH="1412.0" HEIGHT="93.0">
            <Shape>
              <Polygon POINTS="260 2210 264 2180 275 2176 290 2184 352 2176 398 2188 424 2180 460 2195 475 2184 576 2193 629 2182 669 2193 710 2176 742 2190 780 2186 808 2195 840 2186 915 2190 928 2182 981 2195 1004 2180 1045 2216 1094 2182 1134 2199 1158 2190 1205 2199 1237 2190 1273 2205 1307 2188 1326 2190 1341 2205 1395 2208 1414 2190 1427 2203 1444 2197 1457 2210 1484 2190 1512 2208 1565 2188 1576 2197 1632 2190 1666 2201 1672 2225 1666 2252 1657 2254 1627 2246 1612 2259 1597 2250 1585 2261 1563 2254 1542 2265 1516 2248 1489 2263 1467 2250 1427 2269 1412 2257 1380 2267 1367 2254 1352 2263 1312 2248 1277 2267 1269 2259 1233 2265 1216 2248 1203 2257 1175 2248 1111 2259 1100 2250 1083 2254 1064 2235 1032 2250 1011 2242 893 2248 883 2240 844 2250 814 2237 746 2254 731 2242 691 2242 672 2254 657 2240 631 2240 616 2252 590 2237 565 2250 552 2240 494 2242 484 2250 450 2237 435 2252 422 2246 396 2261 381 2248 366 2259 311 2231 264 2233"/>
            </Shape>
	        <String CONTENT="toujours dans ces hôtels inconnus. De Loué, j’arrive à Conlie," HPOS="260.0" VPOS="2176.0" WIDTH="1412.0" HEIGHT="93.0"></String>
          </TextLine>
        </TextBlock>
        
      </PrintSpace>
    </Page>
  </Layout>
</alto>
