<?xml version="1.0" encoding="UTF-8"?>
<alto xmlns:xsi="http://www.w3.org/2001/XMLSchema-instance"
	  xmlns="http://www.loc.gov/standards/alto/ns-v4#"
	  xsi:schemaLocation="http://www.loc.gov/standards/alto/ns-v4# https://gitlab.inria.fr/scripta/escriptorium/-/raw/develop/app/escriptorium/static/alto-4-1-baselines.xsd">
  <Description>
	<MeasurementUnit>pixel</MeasurementUnit>
	<sourceImageInformation>
	  <fileName>P1190738.JPG</fileName>
	</sourceImageInformation>
  </Description>
  <Layout>
    <Page WIDTH="1920" HEIGHT="2560" PHYSICAL_IMG_NR="24" ID="eSc_dummypage_">
      <PrintSpace HPOS="0" VPOS="0" WIDTH="1920" HEIGHT="2560">
        
        <TextBlock ID="eSc_dummyblock_">
	      <TextLine ID="eSc_line_229514" BASELINE="853 100 906 102 957 104 1011 104" HPOS="851.0" VPOS="59.0" WIDTH="158.0" HEIGHT="81.0">
            <Shape>
              <Polygon POINTS="851 98 853 81 868 70 900 81 923 59 960 72 974 89 1004 78 1009 102 1002 128 985 123 953 140 913 134 896 117 878 134 853 121"/>
            </Shape>
	        <String CONTENT="- 25 -" HPOS="851.0" VPOS="59.0" WIDTH="158.0" HEIGHT="81.0"></String>
          </TextLine>
        
        
	      <TextLine ID="eSc_line_229515" BASELINE="151 236 202 232 360 243 407 241 561 251 757 266 810 277 855 275 913 285 1013 283 1094 294 1241 292 1271 298 1461 298 1527 302 1653 300 1762 305" HPOS="149.0" VPOS="185.0" WIDTH="1611.0" HEIGHT="158.0">
            <Shape>
              <Polygon POINTS="149 234 162 192 179 202 198 187 217 204 264 185 296 202 311 198 339 219 358 204 407 215 435 198 460 217 488 206 520 219 539 204 556 204 601 219 640 215 669 243 693 230 738 247 765 230 780 243 810 234 832 249 870 245 881 253 910 241 981 251 994 245 1015 258 1049 249 1062 260 1105 243 1137 260 1175 262 1196 249 1228 273 1256 266 1284 283 1329 256 1388 268 1431 253 1450 268 1518 253 1553 270 1591 262 1608 279 1651 256 1676 279 1702 268 1740 279 1760 302 1753 320 1725 339 1696 337 1678 322 1651 330 1606 324 1580 341 1561 332 1548 343 1525 334 1446 339 1433 328 1408 343 1356 328 1331 341 1316 330 1233 343 1207 326 1177 339 1158 326 1122 332 1105 317 1058 334 1013 334 979 313 951 326 898 313 861 322 836 302 725 311 661 288 608 305 590 290 550 298 516 281 379 277 366 266 343 275 268 268 258 260 228 273 213 260 153 264"/>
            </Shape>
	        <String CONTENT="je fais mon entrée à St-Calais où m’attend un foyer ami et où je" HPOS="149.0" VPOS="185.0" WIDTH="1611.0" HEIGHT="158.0"></String>
          </TextLine>
        
        
	      <TextLine ID="eSc_line_229516" BASELINE="149 322 232 328 418 337 462 334 573 345 620 341 659 354 712 352 787 362 834 362 1032 381 1062 377 1248 377 1331 388 1465 386 1625 390 1723 396 1774 401" HPOS="147.0" VPOS="285.0" WIDTH="1625.0" HEIGHT="141.0">
            <Shape>
              <Polygon POINTS="147 320 160 285 192 296 266 294 281 305 315 288 360 315 384 298 445 296 471 302 516 334 569 302 618 328 642 311 682 330 725 322 789 332 804 324 853 334 876 354 910 337 962 349 998 328 1019 343 1079 337 1107 356 1137 339 1177 360 1198 345 1267 356 1284 347 1361 354 1378 343 1416 347 1442 371 1476 352 1516 358 1610 349 1632 366 1653 352 1691 364 1732 358 1742 369 1768 369 1772 398 1755 422 1730 426 1674 409 1649 413 1634 398 1610 416 1555 401 1472 416 1454 398 1425 420 1410 405 1194 407 1179 392 1158 409 1147 401 1019 401 981 394 966 379 940 396 887 386 853 396 829 386 746 390 731 379 704 388 654 373 631 377 616 364 588 375 558 373 524 345 488 371 458 360 394 362 362 347 305 358 288 341 268 352 151 349"/>
            </Shape>
	        <String CONTENT="passe la nuit. De St-Calais, me voilà le lendemain, par un temps" HPOS="147.0" VPOS="285.0" WIDTH="1625.0" HEIGHT="141.0"></String>
          </TextLine>
        
        
	      <TextLine ID="eSc_line_229517" BASELINE="143 405 238 413 339 411 371 418 416 422 467 422 503 428 573 428 642 439 723 435 776 445 919 452 942 456 1064 454 1160 465 1337 462 1553 473 1721 471 1760 484" HPOS="142.0" VPOS="366.0" WIDTH="1618.0" HEIGHT="148.0">
            <Shape>
              <Polygon POINTS="142 403 147 375 187 379 211 366 238 381 364 381 384 401 430 377 475 413 503 392 586 407 622 390 648 409 704 392 727 413 795 411 851 439 881 418 938 416 951 426 979 426 998 411 1030 433 1051 422 1073 430 1166 430 1186 418 1222 450 1260 433 1324 428 1358 439 1399 424 1435 450 1478 422 1501 443 1533 435 1578 450 1610 437 1730 450 1760 482 1742 514 1681 497 1591 499 1499 486 1478 488 1442 512 1408 501 1350 512 1314 488 1275 505 1188 497 1145 505 1100 484 1064 486 1041 499 983 467 960 477 898 475 878 484 857 471 836 480 821 471 791 477 718 465 678 475 642 452 614 462 503 452 477 430 450 450 416 435 381 458 349 439 147 435"/>
            </Shape>
	        <String CONTENT="splendide. à Bessé-s/Braye, puis à Ruillé, suivant, à ma gauche," HPOS="142.0" VPOS="366.0" WIDTH="1618.0" HEIGHT="148.0"></String>
          </TextLine>
        
        
	      <TextLine ID="eSc_line_229518" BASELINE="134 492 311 497 394 507 450 505 488 514 535 514 640 524 665 522 785 529 810 533 915 531 972 541 1130 539 1169 546 1267 550 1446 550 1745 556 1805 573" HPOS="132.0" VPOS="454.0" WIDTH="1672.0" HEIGHT="156.0">
            <Shape>
              <Polygon POINTS="132 490 136 462 160 454 206 477 258 458 283 471 332 458 352 473 390 473 405 484 437 473 490 488 509 475 546 475 580 490 590 484 627 512 665 488 686 488 710 507 736 490 785 505 802 492 834 490 861 505 904 497 917 505 962 505 979 518 1013 503 1056 509 1077 524 1120 505 1196 520 1252 512 1273 526 1294 512 1331 520 1361 509 1386 518 1408 505 1448 529 1499 514 1525 529 1572 512 1604 526 1683 518 1721 539 1736 529 1777 535 1798 526 1804 571 1798 610 1713 576 1685 588 1659 578 1604 584 1580 576 1536 586 1491 571 1297 573 1282 563 1262 576 1175 573 1107 569 1079 552 1058 567 994 565 979 554 960 565 945 556 919 567 832 548 808 556 782 546 759 554 710 539 693 550 635 539 601 550 503 539 486 526 467 537 373 539 317 524 285 539 243 535 209 514 181 524 149 522 136 512"/>
            </Shape>
	        <String CONTENT="la rivière le Loir, et de l&#39;autre les côteaux boisés ou plantés des" HPOS="132.0" VPOS="454.0" WIDTH="1672.0" HEIGHT="156.0"></String>
          </TextLine>
        
        
	      <TextLine ID="eSc_line_229519" BASELINE="140 578 172 584 270 580 339 593 390 588 454 599 599 605 622 610 672 608 768 616 876 616 938 622 964 629 989 625 1190 625 1273 631 1354 631 1427 635 1649 631" HPOS="138.0" VPOS="537.0" WIDTH="1508.0" HEIGHT="128.0">
            <Shape>
              <Polygon POINTS="138 576 145 548 157 537 198 556 211 548 290 554 311 571 334 552 349 561 413 556 435 578 462 561 499 567 512 558 558 576 629 571 718 582 753 554 812 563 838 552 872 576 898 556 947 582 972 565 1026 563 1088 601 1132 571 1158 580 1218 571 1267 578 1305 603 1339 576 1367 580 1384 595 1405 580 1444 584 1461 599 1480 584 1514 580 1525 588 1589 586 1614 603 1642 590 1646 629 1640 657 1621 665 1570 646 1536 661 1480 654 1410 665 1390 646 1378 657 1339 652 1329 661 1267 654 1237 629 1196 657 1066 650 1051 640 1038 650 1002 635 972 646 949 633 936 644 876 642 846 637 829 622 810 637 648 633 631 618 605 629 552 629 514 610 467 627 430 612 388 618 311 603 290 612 251 603 221 618 142 599"/>
            </Shape>
	        <String CONTENT="vignes cont je vous parlais tout à l&#39;heure. Cette partie du" HPOS="138.0" VPOS="537.0" WIDTH="1508.0" HEIGHT="128.0"></String>
          </TextLine>
        
        
	      <TextLine ID="eSc_line_229520" BASELINE="138 672 228 672 285 678 462 686 633 695 770 693 872 704 968 701 1094 712 1361 710 1474 721 1657 718 1734 725" HPOS="136.0" VPOS="629.0" WIDTH="1596.0" HEIGHT="128.0">
            <Shape>
              <Polygon POINTS="136 672 140 640 157 631 189 637 200 629 211 640 234 633 260 654 279 640 339 642 358 657 388 635 416 652 430 644 475 654 520 646 548 654 569 646 610 674 672 633 729 637 748 648 774 637 814 642 829 631 876 644 928 682 977 665 1000 680 1036 654 1058 657 1085 680 1115 661 1158 654 1192 661 1220 682 1262 659 1312 659 1331 672 1350 657 1390 665 1405 678 1444 657 1495 674 1510 665 1612 674 1651 693 1674 676 1693 676 1728 704 1732 723 1717 750 1664 757 1612 733 1589 748 1550 740 1484 748 1469 738 1412 744 1395 729 1341 744 1318 725 1299 738 1224 740 1192 723 1160 736 1143 723 1128 736 1066 729 1049 718 1026 736 998 716 957 731 925 712 900 725 836 725 819 716 782 723 755 704 731 714 654 716 614 699 590 710 413 706 375 699 358 686 334 699 260 682 238 697 140 691"/>
            </Shape>
	        <String CONTENT="pays est favorisée entre toutes et c’est d&#39;elle qu&#39;on parle dans" HPOS="136.0" VPOS="629.0" WIDTH="1596.0" HEIGHT="128.0"></String>
          </TextLine>
        
        
	      <TextLine ID="eSc_line_229521" BASELINE="131 746 855 778 908 787 1079 789 1137 797 1410 795 1574 806 1734 811" HPOS="130.0" VPOS="712.0" WIDTH="1602.0" HEIGHT="137.0">
            <Shape>
              <Polygon POINTS="130 744 145 714 211 721 234 740 288 714 328 727 384 725 409 746 437 729 473 727 520 738 561 731 586 742 612 733 631 748 678 714 744 712 814 721 872 763 925 727 968 729 983 744 1009 727 1056 746 1075 733 1100 740 1113 729 1137 744 1209 736 1243 765 1292 738 1341 750 1352 744 1378 763 1405 744 1440 753 1478 748 1540 802 1623 755 1698 765 1715 753 1728 763 1732 810 1691 849 1676 834 1632 834 1608 819 1572 834 1544 810 1516 829 1495 819 1416 827 1386 812 1371 823 1322 812 1292 823 1209 814 1188 821 1166 802 1143 819 1096 817 1068 800 1034 814 881 800 861 808 844 800 797 802 778 789 757 800 665 793 648 802 633 789 601 795 556 782 531 793 435 793 409 772 371 787 343 778 262 785 228 768 198 782 183 772 145 772 134 761"/>
            </Shape>
	        <String CONTENT="les guides quand on vante les charmes des bords du Loir. A vrai" HPOS="130.0" VPOS="712.0" WIDTH="1602.0" HEIGHT="137.0"></String>
          </TextLine>
        
        
	      <TextLine ID="eSc_line_229522" BASELINE="145 842 179 838 305 838 394 846 475 846 567 853 588 859 631 855 729 855 832 866 934 864 1041 874 1141 874 1218 870 1250 878 1326 878 1348 883 1467 881 1668 887" HPOS="145.0" VPOS="793.0" WIDTH="1523.0" HEIGHT="124.0">
            <Shape>
              <Polygon POINTS="145 842 151 808 185 793 211 808 243 806 273 827 309 802 341 812 416 814 428 806 486 823 509 804 537 823 584 810 633 825 663 800 682 812 699 804 714 814 738 797 761 800 804 829 840 802 872 817 902 806 932 829 962 810 1011 812 1041 840 1064 846 1098 823 1132 844 1177 823 1201 840 1233 819 1267 838 1303 819 1367 832 1384 823 1469 849 1529 827 1574 851 1595 836 1621 849 1649 840 1664 851 1668 887 1657 915 1625 917 1604 900 1568 917 1480 906 1463 896 1444 908 1408 898 1369 913 1341 900 1301 900 1277 910 1258 891 1216 906 1085 893 1068 878 1047 893 979 889 953 904 934 885 915 887 898 874 878 889 740 878 716 887 665 874 597 876 578 866 552 876 490 864 454 872 377 870 360 855 339 866 300 866 283 851 251 866 219 855 147 853"/>
            </Shape>
	        <String CONTENT="dire, le Loir est incomparable depuis Vendôme jusqu&#39;à Créans et" HPOS="145.0" VPOS="793.0" WIDTH="1523.0" HEIGHT="124.0"></String>
          </TextLine>
        
        
	      <TextLine ID="eSc_line_229539" BASELINE="144 921 381 925 475 934 573 932 714 942 870 949 915 951 1038 949 1085 960 1352 966 1585 966 1655 974 1734 975" HPOS="142.0" VPOS="864.0" WIDTH="1590.0" HEIGHT="142.0">
            <Shape>
              <Polygon POINTS="142 919 155 883 258 887 288 864 349 866 375 887 424 900 458 893 486 874 516 872 541 891 571 874 652 883 663 876 684 893 742 881 782 904 838 917 883 889 908 885 962 921 1004 910 1019 921 1058 900 1100 900 1132 917 1147 906 1237 906 1252 896 1286 915 1344 904 1388 923 1427 925 1469 962 1538 910 1568 938 1595 921 1670 953 1693 938 1715 942 1732 974 1723 1002 1706 1006 1668 992 1653 1002 1597 989 1568 1006 1533 992 1501 1002 1474 985 1461 996 1339 985 1316 996 1282 974 1254 987 1124 979 1109 968 1090 979 1049 977 1021 953 989 974 919 974 838 964 812 970 768 955 750 966 723 955 682 968 614 955 595 964 571 949 554 960 505 942 488 953 403 955 354 949 332 936 317 947 277 938 234 951 221 942 147 940"/>
            </Shape>
	        <String CONTENT="jusqu’à Angers et jusqu’à la Maine. De Ruillé s/Loir, puis de La" HPOS="142.0" VPOS="864.0" WIDTH="1590.0" HEIGHT="142.0"></String>
          </TextLine>
        
        
	      <TextLine ID="eSc_line_229540" BASELINE="146 1002 232 1002 309 1006 473 1009 697 1017 770 1028 970 1028 1041 1036 1134 1034 1262 1045 1386 1043 1493 1053 1612 1051 1657 1053 1702 1066" HPOS="145.0" VPOS="949.0" WIDTH="1555.0" HEIGHT="141.0">
            <Shape>
              <Polygon POINTS="145 1000 157 957 185 972 277 964 313 974 345 949 375 972 392 966 411 979 482 979 518 1006 550 981 652 989 691 964 710 962 729 979 746 966 765 974 778 964 814 974 836 966 889 1002 928 977 1004 977 1024 985 1058 977 1085 996 1122 974 1139 985 1211 985 1260 1000 1286 985 1316 998 1335 989 1412 992 1437 1015 1461 998 1484 996 1585 1013 1604 1006 1634 1028 1661 1015 1696 1043 1700 1064 1657 1090 1625 1070 1587 1088 1557 1073 1429 1075 1401 1060 1356 1077 1318 1064 1299 1068 1280 1056 1258 1070 1213 1073 1201 1062 1169 1068 1117 1058 1026 1060 1009 1047 983 1056 962 1043 934 1056 855 1047 814 1056 744 1034 718 1047 635 1036 588 1041 569 1028 539 1043 520 1032 503 1041 480 1032 362 1036 339 1026 317 1036 300 1026 198 1028 149 1019"/>
            </Shape>
	        <String CONTENT="Chartre/s/Loir, j’arrive déjeuner à Chataine, déjà nommée., où" HPOS="145.0" VPOS="949.0" WIDTH="1555.0" HEIGHT="141.0"></String>
          </TextLine>
        
        
	      <TextLine ID="eSc_line_229524" BASELINE="133 1081 172 1085 339 1085 558 1096 836 1111 1661 1146" HPOS="132.0" VPOS="1041.0" WIDTH="1527.0" HEIGHT="125.0">
            <Shape>
              <Polygon POINTS="132 1079 136 1060 166 1045 194 1051 204 1064 238 1045 262 1058 330 1056 354 1045 373 1060 424 1058 448 1079 469 1062 537 1068 567 1060 610 1070 642 1049 678 1041 706 1041 718 1051 746 1043 785 1075 819 1075 840 1094 859 1079 889 1077 910 1096 964 1056 1028 1064 1041 1077 1060 1062 1073 1070 1147 1066 1164 1081 1188 1066 1226 1079 1235 1070 1275 1077 1299 1066 1318 1081 1339 1073 1365 1081 1395 1075 1433 1094 1461 1073 1501 1081 1516 1094 1548 1081 1563 1094 1602 1090 1659 1145 1642 1145 1610 1166 1587 1158 1561 1164 1531 1141 1504 1158 1442 1152 1429 1160 1412 1152 1363 1158 1344 1141 1326 1154 1292 1145 1222 1152 1147 1143 1130 1130 1111 1143 1077 1143 1051 1128 1026 1147 1000 1128 934 1141 915 1126 883 1134 838 1117 806 1130 765 1117 753 1128 689 1128 633 1120 539 1124 450 1109 398 1117 375 1100 352 1113 228 1107 211 1094 149 1109 136 1098"/>
            </Shape>
	        <String CONTENT="je trouve la confirmation de ce que j&#39;ai toujours pensé. Les" HPOS="132.0" VPOS="1041.0" WIDTH="1527.0" HEIGHT="125.0"></String>
          </TextLine>
        
        
	      <TextLine ID="eSc_line_229530" BASELINE="132 1160 290 1166 343 1173 465 1173 558 1181 746 1179 804 1190 1049 1198 1192 1196 1258 1207 1420 1205 1493 1216 1659 1216" HPOS="130.0" VPOS="1109.0" WIDTH="1527.0" HEIGHT="143.0">
            <Shape>
              <Polygon POINTS="130 1158 164 1126 234 1137 247 1126 275 1132 309 1111 337 1109 398 1154 452 1115 465 1115 499 1145 546 1120 580 1122 620 1149 654 1145 672 1130 699 1147 725 1126 797 1128 817 1139 829 1130 864 1134 876 1145 896 1137 932 1166 998 1132 1024 1149 1051 1134 1134 1158 1154 1147 1198 1147 1256 1169 1271 1160 1280 1169 1303 1152 1337 1158 1352 1171 1380 1154 1412 1166 1463 1156 1478 1169 1514 1173 1529 1162 1555 1162 1600 1190 1651 1188 1657 1216 1642 1241 1593 1241 1578 1252 1518 1228 1484 1248 1461 1230 1414 1241 1288 1226 1218 1233 1160 1222 1147 1228 1126 1216 1111 1226 1079 1218 1021 1222 981 1205 964 1218 928 1205 915 1216 881 1211 859 1220 834 1205 800 1209 785 1196 755 1213 742 1201 659 1207 614 1196 599 1184 569 1205 420 1196 398 1184 386 1194 332 1190 307 1201 288 1188 247 1184 224 1194 134 1175"/>
            </Shape>
	        <String CONTENT="sceptiques disent ; &quot;il n&#39;y a pas d’homme indispensable&quot;, comme" HPOS="130.0" VPOS="1109.0" WIDTH="1527.0" HEIGHT="143.0"></String>
          </TextLine>
        
        
	      <TextLine ID="eSc_line_229531" BASELINE="136 1245 222 1239 349 1248 524 1258 601 1258 808 1265 913 1273 989 1275 1045 1275 1090 1271 1292 1282 1350 1292 1661 1297" HPOS="134.0" VPOS="1196.0" WIDTH="1525.0" HEIGHT="139.0">
            <Shape>
              <Polygon POINTS="134 1243 138 1213 166 1207 209 1220 253 1209 281 1216 300 1233 334 1209 375 1224 437 1224 507 1196 554 1203 580 1224 612 1233 631 1224 684 1241 710 1230 748 1239 789 1209 908 1222 932 1207 960 1233 996 1216 1041 1235 1056 1224 1092 1233 1130 1224 1181 1239 1201 1228 1226 1233 1252 1256 1303 1233 1358 1258 1399 1235 1425 1258 1444 1243 1459 1254 1476 1248 1510 1275 1570 1250 1593 1254 1617 1275 1638 1271 1659 1294 1644 1318 1585 1335 1512 1309 1489 1322 1422 1309 1378 1314 1363 1303 1350 1314 1271 1303 1233 1314 1177 1303 1152 1309 1105 1286 1081 1303 1026 1288 994 1305 977 1290 957 1301 872 1294 857 1280 827 1292 808 1282 787 1292 740 1292 691 1280 509 1280 467 1265 454 1275 384 1271 328 1282 305 1260 275 1271 209 1260 149 1267 138 1258"/>
            </Shape>
	        <String CONTENT="on dit aussi : &quot;rien ne sert à rien&quot;, ou &quot;aucun but n’est digne" HPOS="134.0" VPOS="1196.0" WIDTH="1525.0" HEIGHT="139.0"></String>
          </TextLine>
        
        
	      <TextLine ID="eSc_line_229542" BASELINE="128 1318 157 1324 204 1326 334 1329 537 1333 627 1344 725 1341 864 1352 910 1350 996 1354 1043 1361 1188 1358 1380 1367 1442 1373 1670 1378" HPOS="128.0" VPOS="1267.0" WIDTH="1540.0" HEIGHT="143.0">
            <Shape>
              <Polygon POINTS="128 1316 155 1288 174 1282 187 1290 226 1269 302 1267 339 1297 364 1301 398 1290 448 1303 473 1292 546 1331 612 1305 642 1322 661 1307 674 1314 706 1305 731 1316 763 1292 853 1288 893 1297 910 1312 932 1301 998 1352 1062 1307 1213 1318 1294 1309 1307 1320 1322 1316 1344 1337 1376 1314 1412 1333 1440 1322 1497 1335 1542 1333 1563 1350 1634 1346 1655 1350 1668 1376 1659 1401 1623 1410 1542 1403 1531 1395 1486 1401 1459 1386 1437 1403 1401 1405 1380 1393 1324 1393 1309 1378 1286 1393 1256 1390 1239 1378 1216 1388 1139 1388 1098 1376 1041 1380 1013 1356 981 1378 917 1380 840 1369 778 1376 757 1356 723 1371 654 1367 633 1354 582 1365 552 1339 509 1363 497 1354 339 1352 328 1344 317 1352 181 1339 153 1346 130 1331"/>
            </Shape>
	        <String CONTENT="d&#39;aucun effort&quot;. Ce sont des mots. Un homme de bien, un homme" HPOS="128.0" VPOS="1267.0" WIDTH="1540.0" HEIGHT="143.0"></String>
          </TextLine>
        
        
	      <TextLine ID="eSc_line_229534" BASELINE="130 1401 202 1401 328 1412 445 1412 503 1418 563 1420 733 1429 900 1427 972 1437 1162 1444 1369 1448 1437 1452 1642 1454" HPOS="128.0" VPOS="1365.0" WIDTH="1512.0" HEIGHT="126.0">
            <Shape>
              <Polygon POINTS="128 1399 132 1369 145 1365 296 1380 341 1371 375 1382 486 1380 505 1388 573 1376 610 1410 637 1388 684 1395 706 1378 746 1399 770 1401 780 1393 814 1418 878 1384 906 1405 951 1376 987 1386 1004 1376 1045 1403 1081 1380 1113 1395 1145 1390 1186 1412 1237 1388 1273 1403 1339 1395 1352 1405 1397 1405 1418 1425 1437 1427 1459 1414 1482 1435 1514 1433 1557 1408 1587 1412 1604 1403 1617 1414 1634 1408 1640 1452 1632 1478 1597 1491 1572 1476 1504 1482 1480 1467 1448 1486 1380 1465 1354 1480 1324 1474 1294 1448 1256 1472 1175 1463 1149 1472 1134 1459 1120 1465 1068 1452 1053 1461 1017 1444 998 1459 932 1454 917 1465 902 1452 844 1457 827 1444 797 1459 787 1448 465 1440 411 1435 394 1425 377 1435 330 1431 296 1442 270 1420 256 1431 213 1422 174 1429 132 1414"/>
            </Shape>
	        <String CONTENT="actif peut faire la fortune, la joie d&#39;un pays. Et tel est le" HPOS="128.0" VPOS="1365.0" WIDTH="1512.0" HEIGHT="126.0"></String>
          </TextLine>
        
        
	      <TextLine ID="eSc_line_229535" BASELINE="127 1485 221 1489 362 1486 486 1497 674 1506 727 1504 859 1508 913 1514 1036 1512 1171 1523 1250 1521 1651 1529 1678 1533" HPOS="125.0" VPOS="1440.0" WIDTH="1551.0" HEIGHT="134.0">
            <Shape>
              <Polygon POINTS="125 1484 130 1467 153 1450 170 1457 200 1448 226 1469 262 1444 279 1454 302 1444 339 1461 394 1461 409 1452 441 1478 465 1459 505 1469 541 1440 616 1440 648 1467 712 1480 733 1474 772 1501 866 1454 883 1457 904 1476 930 1457 1036 1467 1043 1461 1058 1474 1113 1461 1147 1478 1158 1469 1192 1474 1211 1489 1235 1472 1292 1480 1309 1469 1318 1478 1369 1482 1388 1499 1408 1484 1465 1484 1493 1497 1563 1486 1593 1504 1619 1491 1649 1491 1670 1506 1676 1531 1668 1555 1632 1574 1595 1561 1516 1568 1474 1550 1442 1568 1397 1553 1260 1553 1228 1536 1205 1548 1139 1548 1081 1538 979 1542 942 1523 923 1538 819 1531 791 1518 733 1557 697 1525 544 1523 516 1510 462 1518 441 1504 418 1514 339 1510 309 1518 294 1504 264 1510 224 1497 147 1506 128 1493"/>
            </Shape>
	        <String CONTENT="cas du maire de Chataigne, vieil instituteur retraité -connais-" HPOS="125.0" VPOS="1440.0" WIDTH="1551.0" HEIGHT="134.0"></String>
          </TextLine>
        
        
	      <TextLine ID="eSc_line_229536" BASELINE="132 1565 320 1563 422 1572 520 1572 640 1582 742 1580 1028 1589 1226 1597 1418 1606 1493 1617 1655 1614 1704 1617 1734 1621" HPOS="130.0" VPOS="1514.0" WIDTH="1602.0" HEIGHT="135.0">
            <Shape>
              <Polygon POINTS="130 1563 136 1540 155 1527 234 1527 253 1536 281 1514 317 1546 343 1533 407 1533 445 1561 514 1518 552 1546 582 1550 620 1548 652 1527 716 1576 795 1525 840 1555 870 1533 887 1542 925 1540 945 1529 957 1542 996 1538 1049 1559 1085 1542 1128 1542 1160 1559 1226 1544 1248 1559 1282 1550 1326 1585 1339 1574 1371 1582 1399 1565 1427 1585 1476 1561 1504 1572 1546 1565 1565 1580 1593 1565 1617 1578 1651 1572 1685 1589 1725 1587 1732 1619 1723 1640 1685 1649 1640 1646 1608 1632 1593 1642 1514 1642 1497 1627 1474 1642 1437 1640 1418 1625 1399 1638 1367 1638 1324 1621 1307 1632 1252 1636 1213 1604 1171 1621 1156 1610 1134 1623 1073 1617 1045 1625 1011 1606 992 1617 930 1621 902 1610 814 1612 797 1597 778 1610 742 1610 727 1597 695 1612 571 1602 561 1591 531 1606 462 1585 433 1600 411 1591 339 1591 324 1580 279 1595 256 1582 162 1580 149 1589 132 1576"/>
            </Shape>
	        <String CONTENT="seur en vins, lui aussi, et en bonne chère - qui fut de tout temps" HPOS="130.0" VPOS="1514.0" WIDTH="1602.0" HEIGHT="135.0"></String>
          </TextLine>
        
        
	      <TextLine ID="eSc_line_229544" BASELINE="132 1640 238 1640 332 1651 473 1649 494 1653 554 1659 691 1657 759 1668 896 1666 951 1670 977 1666 1009 1676 1083 1674 1305 1683 1408 1691 1659 1691" HPOS="130.0" VPOS="1593.0" WIDTH="1527.0" HEIGHT="132.0">
            <Shape>
              <Polygon POINTS="130 1638 138 1593 155 1606 168 1597 221 1629 247 1610 285 1608 322 1634 341 1617 360 1614 394 1634 420 1614 533 1623 561 1600 605 1625 629 1606 689 1608 704 1619 727 1602 782 1634 797 1634 825 1612 866 1610 919 1614 942 1634 957 1621 1017 1619 1041 1638 1062 1621 1073 1629 1096 1619 1107 1629 1145 1629 1160 1640 1192 1625 1226 1644 1248 1634 1273 1640 1307 1670 1344 1644 1363 1649 1393 1636 1418 1646 1446 1644 1463 1661 1476 1657 1497 1670 1561 1661 1580 1678 1617 1655 1657 1689 1651 1706 1623 1725 1578 1710 1557 1721 1469 1717 1457 1725 1418 1700 1386 1717 1344 1715 1318 1700 1301 1715 1280 1717 1198 1693 1177 1704 1145 1702 1126 1685 1070 1706 1049 1696 960 1689 932 1704 919 1691 878 1687 757 1693 740 1678 725 1687 605 1683 582 1666 569 1676 520 1676 509 1668 409 1678 392 1661 375 1672 134 1661"/>
            </Shape>
	        <String CONTENT="mon ami et dont on trouve partout, autour de lui, les traces de" HPOS="130.0" VPOS="1593.0" WIDTH="1527.0" HEIGHT="132.0"></String>
          </TextLine>
        
        
	      <TextLine ID="eSc_line_229526" BASELINE="125 1716 322 1721 394 1725 509 1725 576 1736 674 1736 849 1742 945 1747 1060 1751 1109 1755 1169 1760 1190 1762 1655 1777" HPOS="123.0" VPOS="1668.0" WIDTH="1530.0" HEIGHT="136.0">
            <Shape>
              <Polygon POINTS="123 1715 130 1693 155 1689 185 1668 241 1696 294 1689 324 1698 343 1687 448 1702 484 1696 490 1704 501 1696 550 1696 582 1708 593 1700 674 1704 701 1685 744 1683 765 1702 791 1708 827 1687 891 1721 964 1693 1006 1698 1021 1708 1034 1702 1088 1730 1124 1728 1166 1704 1218 1730 1252 1708 1294 1723 1388 1721 1410 1738 1450 1728 1476 1751 1499 1732 1516 1742 1544 1721 1563 1719 1591 1734 1604 1725 1642 1738 1653 1774 1608 1804 1591 1796 1542 1804 1529 1794 1499 1798 1480 1789 1384 1800 1326 1787 1284 1787 1271 1796 1243 1781 1192 1785 1132 1774 1096 1783 1013 1768 989 1777 923 1770 910 1760 887 1772 840 1757 821 1770 787 1766 770 1755 748 1772 706 1760 512 1755 482 1740 452 1751 238 1749 142 1740 125 1730"/>
            </Shape>
	        <String CONTENT="sa/bienfaisante initiative, et de son éducation prodiguée à plus" HPOS="123.0" VPOS="1668.0" WIDTH="1530.0" HEIGHT="136.0"></String>
          </TextLine>
        
        
	      <TextLine ID="eSc_line_229527" BASELINE="128 1798 185 1796 234 1800 298 1802 499 1813 708 1821 910 1819 1000 1830 1117 1830 1320 1836 1410 1847 1661 1847 1693 1841" HPOS="128.0" VPOS="1747.0" WIDTH="1563.0" HEIGHT="138.0">
            <Shape>
              <Polygon POINTS="128 1796 134 1764 155 1757 196 1787 219 1768 258 1762 279 1770 309 1760 326 1770 375 1747 403 1755 462 1751 490 1774 518 1770 533 1781 646 1757 718 1815 759 1787 829 1800 859 1796 885 1774 913 1768 977 1779 1011 1804 1070 1779 1115 1806 1145 1785 1222 1783 1250 1789 1267 1806 1299 1796 1339 1809 1361 1796 1380 1806 1416 1802 1444 1828 1474 1828 1489 1815 1525 1826 1553 1804 1602 1821 1642 1824 1672 1809 1691 1838 1678 1883 1659 1875 1632 1881 1576 1873 1538 1885 1512 1873 1474 1877 1457 1864 1431 1879 1393 1881 1363 1862 1350 1870 1286 1860 1267 1868 1166 1860 1147 1847 1083 1864 1068 1851 1024 1858 1006 1843 989 1851 853 1849 832 1834 789 1847 755 1845 729 1821 695 1843 539 1830 428 1834 403 1817 360 1828 219 1828 194 1809 177 1821 132 1811"/>
            </Shape>
	        <String CONTENT="de quarante générations. Des hommes comme celui-là ont contribué" HPOS="128.0" VPOS="1747.0" WIDTH="1563.0" HEIGHT="138.0"></String>
          </TextLine>
        
        
	      <TextLine ID="eSc_line_229528" BASELINE="121 1870 204 1875 256 1881 430 1879 518 1890 691 1896 736 1898 889 1896 957 1907 1079 1905 1147 1913 1196 1915 1269 1911 1292 1917 1341 1924 1615 1926" HPOS="119.0" VPOS="1830.0" WIDTH="1495.0" HEIGHT="130.0">
            <Shape>
              <Polygon POINTS="119 1868 145 1841 202 1853 224 1847 236 1860 258 1843 279 1856 343 1851 362 1866 381 1849 418 1856 460 1830 529 1877 567 1849 586 1862 650 1868 665 1879 712 1841 731 1849 742 1841 757 1849 832 1841 908 1883 936 1873 1015 1879 1034 1864 1073 1885 1169 1888 1222 1864 1273 1890 1299 1870 1337 1868 1493 1911 1538 1890 1557 1900 1574 1890 1608 1909 1614 1924 1608 1939 1572 1960 1514 1956 1497 1941 1442 1958 1393 1956 1376 1943 1265 1945 1211 1930 1190 1939 1164 1924 1141 1937 1094 1939 1068 1924 1045 1937 1028 1928 915 1926 906 1917 855 1928 825 1920 633 1917 595 1905 573 1913 552 1902 531 1917 492 1905 422 1907 407 1915 356 1890 345 1900 309 1905 258 1902 238 1888 196 1900 123 1885"/>
            </Shape>
	        <String CONTENT="dans leur sphère, à ma formation autant que d’autres plus con-" HPOS="119.0" VPOS="1830.0" WIDTH="1495.0" HEIGHT="130.0"></String>
          </TextLine>
        
        
	      <TextLine ID="eSc_line_229543" BASELINE="132 1947 219 1952 315 1958 456 1956 503 1960 533 1966 659 1964 710 1973 759 1975 876 1973 934 1981 1058 1981 1130 1992 1277 1990 1350 2001 1602 2001" HPOS="130.0" VPOS="1898.0" WIDTH="1470.0" HEIGHT="137.0">
            <Shape>
              <Polygon POINTS="130 1945 145 1917 189 1922 217 1900 253 1920 296 1926 360 1898 469 1937 503 1937 516 1926 524 1934 552 1930 595 1943 627 1917 646 1915 686 1930 716 1917 746 1917 763 1932 785 1924 810 1947 838 1926 904 1926 934 1952 998 1932 1041 1958 1098 1960 1126 1979 1179 1939 1201 1947 1256 1943 1284 1962 1303 1947 1386 1960 1405 1954 1416 1962 1431 1958 1459 1979 1472 1971 1514 1975 1548 1956 1580 1975 1595 1973 1600 1998 1591 2030 1555 2028 1538 2013 1521 2028 1482 2028 1465 2016 1435 2035 1425 2026 1316 2020 1265 2026 1205 2009 1186 2018 1156 2013 1137 1998 1111 2016 1051 2005 896 2005 881 1992 768 2003 755 1990 610 1994 586 1984 533 1984 524 1975 477 1988 418 1981 405 1971 381 1988 334 1977 174 1975 134 1964"/>
            </Shape>
	        <String CONTENT="sidérables, dans de grands pays étrangers, en Angleterre et en" HPOS="130.0" VPOS="1898.0" WIDTH="1470.0" HEIGHT="137.0"></String>
          </TextLine>
        
        
	      <TextLine ID="eSc_line_229529" BASELINE="128 2028 243 2028 277 2035 499 2033 548 2041 723 2041 1199 2076 1686 2077" HPOS="128.0" VPOS="1975.0" WIDTH="1557.0" HEIGHT="137.0">
            <Shape>
              <Polygon POINTS="128 2026 145 1998 211 1992 251 2001 292 1975 373 2028 413 1998 441 2013 477 1988 520 1977 584 1988 599 2003 631 1992 663 2005 701 1992 787 2001 804 2018 823 2003 870 1998 919 2009 970 2007 996 2024 1024 2011 1053 2033 1083 2011 1117 2016 1134 2028 1162 2018 1213 2026 1228 2018 1267 2035 1324 2030 1348 2048 1401 2030 1440 2052 1452 2045 1486 2062 1531 2035 1582 2037 1604 2028 1649 2039 1661 2030 1678 2039 1685 2075 1676 2103 1644 2112 1604 2097 1574 2109 1514 2103 1491 2112 1478 2099 1461 2109 1403 2101 1371 2107 1344 2103 1326 2088 1301 2103 1237 2097 1211 2075 1162 2094 1122 2086 1090 2092 1049 2080 962 2086 908 2075 898 2084 829 2069 817 2077 770 2071 757 2060 729 2073 704 2071 686 2056 665 2069 601 2067 567 2052 552 2065 526 2067 492 2058 469 2065 441 2052 398 2067 366 2041 332 2062 320 2054 266 2062 230 2050 132 2050"/>
            </Shape>
	        <String CONTENT="Amérique ; je leur dois de la reconnaissance ; mon voyage chez eux" HPOS="128.0" VPOS="1975.0" WIDTH="1557.0" HEIGHT="137.0"></String>
          </TextLine>
        
        
	      <TextLine ID="eSc_line_229538" BASELINE="136 2103 232 2107 273 2112 484 2109 678 2118 797 2122 950 2129 1367 2156" HPOS="134.0" VPOS="2054.0" WIDTH="1231.0" HEIGHT="128.0">
            <Shape>
              <Polygon POINTS="134 2101 140 2071 155 2080 181 2056 204 2082 226 2067 251 2080 262 2073 281 2094 298 2080 332 2071 360 2077 386 2065 403 2077 422 2058 452 2054 484 2090 512 2084 541 2105 580 2075 590 2088 684 2094 714 2071 744 2082 761 2069 808 2073 842 2109 851 2101 910 2097 936 2105 966 2086 1006 2080 1024 2090 1058 2086 1070 2099 1085 2094 1100 2112 1137 2090 1166 2097 1207 2086 1237 2101 1271 2097 1303 2105 1365 2154 1356 2180 1333 2182 1260 2167 1201 2171 1177 2156 1141 2169 1120 2161 1096 2167 1081 2154 1064 2165 906 2150 870 2158 846 2141 791 2152 680 2141 648 2150 610 2135 571 2144 544 2131 484 2139 418 2131 352 2137 320 2129 305 2139 279 2126 266 2139 211 2120 200 2129 136 2124"/>
            </Shape>
	        <String CONTENT="est un pélérinage de gratitude autant qu’une visite." HPOS="134.0" VPOS="2054.0" WIDTH="1231.0" HEIGHT="128.0"></String>
          </TextLine>
        
        
	      <TextLine ID="eSc_line_229525" BASELINE="503 2190 575 2188 1194 2222 1640 2227" HPOS="501.0" VPOS="2137.0" WIDTH="1137.0" HEIGHT="130.0">
            <Shape>
              <Polygon POINTS="501 2188 505 2144 518 2137 533 2148 546 2137 588 2141 620 2169 646 2150 689 2144 706 2161 738 2146 827 2150 861 2171 883 2152 919 2154 934 2169 951 2156 1021 2158 1056 2178 1077 2158 1094 2169 1122 2163 1149 2173 1169 2173 1179 2163 1254 2180 1265 2173 1280 2184 1292 2173 1314 2197 1341 2178 1380 2188 1418 2173 1446 2203 1486 2193 1499 2205 1518 2186 1553 2203 1621 2195 1638 2225 1629 2248 1602 2257 1480 2252 1418 2267 1403 2252 1367 2263 1341 2235 1314 2261 1294 2248 1211 2244 1203 2252 1188 2242 1160 2244 1145 2227 1100 2250 1088 2235 1047 2240 1026 2222 1004 2233 960 2222 928 2235 919 2227 819 2229 795 2216 785 2225 697 2227 682 2212 631 2222 610 2208 567 2218 503 2212"/>
            </Shape>
	        <String CONTENT="Mais il faut finir, le jour baisse ; on m’attend" HPOS="501.0" VPOS="2137.0" WIDTH="1137.0" HEIGHT="130.0"></String>
          </TextLine>
        </TextBlock>
        
      </PrintSpace>
    </Page>
  </Layout>
</alto>
