1920 2560
759 98 373 117 LETTRE N° 573.

1209 192 617 91 PARIS, le 18 octobre 1919

742 398 678 92 SXNXXXXIXENXIXSXNXXYX

829 356 495 70 CONDITIONS

384 475 1301 109 de l'INSTALLATION de l'ASSOCIATION FRANCAISE pour la

795 571 461 83 SOCIETE des NATIONS

849 654 390 86 rue Pierre-Curie

887 844 397 98 Mon cher Butler,

518 994 1269 98 A l’appui de ce que je vous écrivais hier, voici une

311 1060 1606 119 copie de la lettre que je reçois de M. Paul APPELL et de ma réponse

305 1169 1544 91 concernant l'installation rue Pierre-Curie de l'ASSOCIATION FRAN-

324 1235 1491 100 CAISE POUR LA SOCIÉTÉ DES NATIONS. Les conditions de cette ins-

309 1316 1041 92 tallation sont précisées comme il convenait.

512 1399 1322 98 Je veillerai à ce qu’elles soient observées. Il en sera

305 1476 1465 100 de même pour l’installation prochaine de la Bibliothèque à la

322 1557 1553 104 place du bureau de M. PUECH qui remontera d’un étage. Tout cela va

305 1640 1527 100 se faire en quelques semaines, pendant que je serai pris par nos

317 1717 869 87 élections dans la Sarthe et ailleurs.

518 1796 1338 100 J'ai pensé que pour alléger la contribution du bureau de

313 1870 1489 109 la DOTATION, la Conciliation en paierait la moitié, soit chacune

300 1949 310 75 1.000 francs.

861 2020 685 104 Votre affectueusement dévoué

42 2133 721 94 à Monsieur le Président BUTLER

290 2188 204 107 NEW YORK.

936 2105 433 154 £d'Estournelles£
