1920 2560
906.0 145.0 150.0 113.0 - 21 -

251.0 313.0 1536.0 164.0 le vin, leurs parfums comme la fleur ; les plus subtils parfums,

260.0 396.0 1591.0 167.0 non pas celui des gros raisins muscats, des fruits exotiques, mais

260.0 475.0 1333.0 141.0 je ne sais quel charme indéfinissable comme un sourire.

659.0 588.0 1154.0 128.0 Enfin j'ai déjeuné à Sceaux-s/Huisnes et quand

234.0 635.0 1504.0 156.0 je suis, le surlendemain, rentré à Créans, on a prétendu, non

251.0 710.0 1575.0 168.0 sans vérité peut-être, que je n'en disais pas autant de la cuisine

243.0 800.0 1559.0 162.0 de chez moi. Et la raison en est bien simble ; c’est que person,e

243.0 870.0 1553.0 168.0 dans une grande maison, n’a le pouvoir de s’occuper d’un déjeuner

234.0 955.0 1519.0 160.0 comme il faudrait ; il n’y a que Louis XIV qui ait pu manger un

234.0 1028.0 1376.0 156.0 gigot comme celui de Sceaux- s/Huisnes, et encore s'il l'a

224.0 1100.0 1472.0 188.0 découpé : Quoi qu'il en soit j’ai déjeuné à Sceaux-s/Huisnes,

234.0 1184.0 1577.0 177.0 voilà le fait, ou pour mieux dire, j’ai déjeuné au pays de Rabelais

224.0 1269.0 1461.0 164.0 car la Touraine et le Maine se touchent et se ressemblent par

228.0 1348.0 1517.0 166.0 bien des côtés. Demain, quand je déjeunerai à Chataigne, au pays

211.0 1427.0 1427.0 155.0 des vignobles célèbres de la vallée du Loir, ce sera le même

241.0 1504.0 1487.0 162.0 festin familial, avec cette différence, en plus, qu'on me sortira

226.0 1580.0 1416.0 162.0 des grandes caves, qui sont une des spécialités de la contrée,

211.0 1655.0 1559.0 166.0 quelques vieilles bouteilles des meilleures années et des meilleurs

194.0 1732.0 1495.0 162.0 crus. Nos vins de la Sarthe n'ont pas grande réputation ; il en

1062.0 1770.0 213.0 62.0 ££

209.0 1796.0 1399.0 175.0 est ainsi de beaucoup d’autres crus en France, qui rivalisent

200.0 1883.0 1476.0 158.0 cependant avec nos grandes marques de la Bourgogne, du Bordelais

192.0 1956.0 1459.0 158.0 et de la Champagne, mais nous les consommons sur place ; on les

187.0 2026.0 1385.0 169.0 garde pour les déguster entre amis et aux jours de fête, en

183.0 2103.0 1402.0 166.0 famille, plus qu'on ne les vend. Nos cidres sont supérieurs,

192.0 2180.0 1461.0 164.0 aussi, en certaines localités, tout près de Créans, à ceux de la

185.0 2248.0 220.0 85.0 Normandie.
