1920 2560
981 68 149 79 - 4 -

264 198 1466 168 ait été surpris, car je ne parlais pour personne ; je parlais

251 296 1521 164 pour l'acquit seulement de ma conscience et pour ne pas laisser

253 384 1468 151 passer sans protester, - tout en votant ue Traité qui finit la

256 462 949 114 guerre, à la déception de cette guerre.

608 556 1117 133 C'est un signe des temps qu’à moins d'un an de

258 625 1459 145 l’armistice, on se mette à juger déjà, sinon les hommes, tout

256 706 782 111 au moins les faits de la guerre.

608 806 1049 109 Bientôt viendra le tour des origines et des

238 872 1458 132 responsabilités. Et c’est alors qu'apparaîtra le devoir tel

247 953 1510 132 qu'il a fallu le remplir avant et pendant la guerre. Attendons.

964 1100 678 122 Votre affectueusement dévoué,

808 1203 710 126 ££

49 1493 1167 141 à Monsieur le Président Nicholas Murray BUTLER,

567 1612 213 98 NEW-YORK.

74 1821 179 94 Annexe.
