1920 2560
934 179 124 77 - 4 -

241 332 1384 141 annuelles à quatre ou cinq milliards près !!! c’est-à-dire

241 424 1499 132 l’équivalent d'une année de dépenses d'avant-guerre. Il y a six

243 509 1435 126 mois, M. Ribot parlait de 18 milliards. Aujourd'hui c’est 25

228 586 241 81 milliards.

706 682 1002 115 Notre Conseil Général de la Sarthe, dont il

226 748 1393 124 faut bien dire que la composition, comme partout, est plutôt

230 834 1512 132 modeste, ne s’aventure pas en ces généralités et il a raison ; car

241 908 1320 109 ceux de ses membres qui travaillent sont de moins en moins

243 987 1531 130 nombreux ; il y a là un mal sérieux auquel il faudra porter remède,

238 1066 1445 122 mais, en tous cas, l’inconnu de notre avenir financier n’en est

241 1141 1501 119 pas moins inquiétant ; il faut le constater. L’ignorance ou l'in-

243 1211 1352 126 différence générales, seraient une aggravation du mal.- N'y

238 1288 1462 128 plus rien comprendre ; ne plus savoir où donner de la tête, est-ce

243 1365 1024 107 donc là notre ressource et celle des Alliés ?

667 1457 1046 111 Car les Alliés ne peuvent pas plus se désinté-

241 1516 1380 122 resser que nous-mêmes de notre ruine. La France ruinée, c’est

238 1587 1462 130 l'Europe instable ; c'est la paix non rétablie, la guerre, la révo-

238 1657 1146 107 lution menaçant tous les Etats voisins ou lointains.

661 1742 939 111 Que les Etats-Unis ne pensent pas pouvoir

226 1804 1403 128 échapper aux graves dangers qui nous menacent. La faillite des

232 1881 632 88 uns sera la faillite de tous.

674 1964 1017 107 Faites des voeux, mon cher Butler, pour que la

217 2018 1504 145 France se relève, dans l’intérêt du Nouveau-Monde comme de l'Ancien ;

224 2092 1132 113 et aidez-nous pour ne pas être entrainés comme nous.

992 2184 640 105 Votre affectueusement dévoué,

34 2240 906 123 à Monsieur le Président Ni.Murray BUTLER

1021 2242 337 160 £d'Estournelles£

96 2342 196 64 annexes.

520 2321 205 76 NEW-YORK.
