1920 2560
571 25 649 113 (Annexe à ma LETTRE N° 573.

727 168 169 92 (COPIE)

1186 243 616 98 PARIS, le 18 octobre 1919

817 507 612 105 Mon cher Président, et ami,

490 729 1314 117 Votre bonne lettre m’a touché. On n’est pas habitué, à

283 814 1564 116 Paris, à tant de remerciements. Si le Gouvernement après l’armis-

273 910 1527 99 tice avait tenu pareil langage aux Américains, au lieu de faire

281 992 1489 96 dire dans toute la France qu’ils n’avaient rien fait que leurs

290 1064 1544 107 affaires et la hausse des prix, il aurait obtenu d’eux, sans rien

275 1152 1320 100 demander, une bonne volonté et un secours sans limites.

497 1230 1207 99 J'avais bien entendu pensé à la question des frais

281 1305 1549 111 d’aménagement de l’appartement dont nous mettons les pièces prin-

281 1386 1408 103 cipales à la disposition de l’Association Française pour la

290 1467 1418 109 Société des Nations ; voici comment nous comptions la régler.

492 1550 1357 101 L'hospitalité que nous vous offrons de bon coeur et spon-

288 1619 1557 109 tanément est, à mon avis, - je l'écrivais encore hier au Président

275 1704 1384 98 BUTLER, - un honneur et une bonne fortune pour la DOTATION

281 1796 1504 109 CARNEGIE, trop heureuse de pouvoir utiliser si bien une part de

283 1877 1470 85 ses ressources. En tout état de cause, nous avions à faire les

298 1943 1447 96 frais dont vous me parlez et nous n’admettons pas que vous en

298 2028 410 79 payiez un centime.

509 2103 1261 113 J’insisterai seulement sur la nécessité de prendre, de

32 2190 558 99 à Monsieur Paul APPELL

51 2306 1649 85 Président du Comité Executif de l'Association Française pour la Société

140 2278 487 55 Membre de l'Institut

134 2374 520 130 32 rue du Bac PARIS

1425 2365 277 71 des Nations
