1920 2560
947 81 141 196 - 3 -

377 277 361 107 d'un scandale.

563 366 1147 118 Prenons l'arrêt de l'offensive du 16 avril 1917.

582 458 1197 103 Toute l’armée, toute la France et ses alliés atten-

386 524 1495 130 daient cette offensive libératrice depuis six mois. Bien conçue,

386 610 1463 117 assez bien préparée, elle traîne en longueur, elle est gâchée,

379 684 1406 122 elle échoue. A qui la faute? Aux généraux qui l'ont gâchée?

373 774 1480 113 Non! Au Parlement et au Ministère qui l'ont arrêtée, parait-il,

384 849 1506 130 en plein succès. En plein succès ? Comment cela? puisqu’elle tour-

366 930 425 85 nait au désastre.

563 1009 1235 113 Et alors il faut s’ingénier à fournir des preuves au

360 1088 1457 121 public entretenu par la censure dans une ignorance patriotique

366 1171 926 94 sans doute mais d’autant plus complète.

537 1252 1223 113 Et c'est alors que les trois ou quatre journalistes

362 1329 1410 121 français trouvent des complices parmi leurs dignes collègues

358 1410 1487 117 correspondants de journaux étrangers à Paris, anglais, italiens,

358 1478 264 81 américains.

531 1553 1280 123 Grâce à ce bel accord, la nouvelle d/e la trahison par-

362 1638 1432 113 lementaire, la soi-disant cause de l'échec du 16 avril, arrive

354 1706 1412 124 à Paris des Etats-Unis. C’est M. WYTHE WILLIAMS qui se charge

345 1783 1393 122 de déposer l'oeuf dans la revue hebdomadaire "The colliers'"

343 1864 1376 117 Cela fait, on en télégraphie des extraits sensationnels aux

343 1943 553 81 quatre points cardinaux.

544 2018 1258 115 Les journaux français, XX qui attendent en silence le

343 2092 1442 113 retour de la fausse information lancée par eux, la reproduisent

352 2169 1459 120 et l’amplifient à XXXXX qui mieux mieux. Et voilà comment s’est
