1920 2560
866 192 339 125 LETTRE N° 589.

215 420 247 126 SENAT

1162 539 563 92 PARIS, 18 Novembre 1919.

546 738 785 115 LES ÉLECTIONS DU 16 NOVEMBRE.

505 814 924 131 DÉMOBILISATION et DÉSORGANISATION .

938 1019 406 101 Mon cher Butler,

648 1226 1043 103 Les élections législatives générales donnent

238 1286 1443 124 ce qu'on pouvait attendre et du scrutin de liste et du lende-

243 1371 426 105 main de la guerre.

640 1450 1090 113 Loin d'être un scrutin de moralité, le nouveau

230 1514 1532 128 régime électoral a favorisé des coalitions d'égoïsme contre toute

224 1595 1491 124 aspiration généreuse. Ceux qui ont souhaité ou laissé venir la

226 1678 1499 120 guerre veulent absolument aujourd’hui que cette guerre n'ait pas

224 1747 1508 126 pour lendemain une déception. Or cette déception est inévitable.

230 1826 1406 119 On aura beau grouper pour la dissimuler tous les partisans de

232 1900 1472 126 l’ordre, il n'en faudra pas moins découvrir en France la vérité

230 1977 1370 120 que les faits vont nous révéler. Comment s'y prendront les

213 2043 1483 130 partisans de l'ordre pour mettre fin ou pour apporter seulement

230 2126 1498 124 un remède efficace à la dépopulation, à l’infériorité économique,

224 2195 1329 119 à la pénurie financière....? Ce sera pour eux une épreuve

64 2376 1081 111 à Monsieur le Président Nicholas Murray BUTLER.
