1920 2560
710 66 207 72 - 3 -

501 172 1284 118 La DOTATION, qui nous reçoit chez elle, et aui garde-

322 262 1489 109 bureau, si l’Association Française venait à se transporter ail

179 324 1587 117 leurs, ou à disparaître, estime-t-elle que ces dépenses, dont le béné-

119 420 1658 104 fice, quoi qu’il arrive, restera acquis au local, lui incombent natur-

123 505 1671 105 rellement ? Pense -t-elle, au contraire, qu’il y a lieu d’en faire sup

119 593 1636 104 porter une partie, la moitié, par exemple, à l'Association Française

128 667 1606 96 qui aura l’usage de ces aménagements ? Telle est la question sur la-

125 750 1654 105 quelle je désirerais, avant la séance du Comité qui enregistrera notre

128 823 878 94 accord, avoir avec vous un entretien.

505 898 1203 108 Avec les remerciements renouvelés de l'Association

134 972 1645 107 Française à la Dotation Carnegie et au dévoué Président de son Bureau

115 1068 1653 98 Européen, veuillez agréer, mon cher Président et ami, mes bien cordia-

123 1141 384 98 les salutations.

1126 1294 303 105 Paul APPELL

840 1369 809 113 Président du Comité exécutif de l'

974 1461 506 100 Association Française
