1920 2560
955.0 125.0 173.0 86.0 - 14 -

219.0 268.0 1543.0 118.0 si sa reprise pourrait avoir lieu ; son succès a dépassé toute

228.0 352.0 1487.0 119.0 attente, et il en sera de même quelques jours plus tard, pour

224.0 433.0 1576.0 121.0 celui que je préside et que j’ai réorganisé à La Flèche, et pour

219.0 518.0 1585.0 130.0 tous ceux qu'on n’a pas craint de reprendre. Bien plus, les mem-

224.0 601.0 1572.0 128.0 bres du jury v'ont appris, à Mamers, que des animaux, des vaches,

213.0 678.0 1596.0 141.0 des taureaux, des chevaux étaient plus maigres sans doute, ce qui

211.0 765.0 1403.0 111.0 n'est pas un défaut, mis de meilleure qualité qu’avant la

206.0 840.0 1628.0 132.0 guerre ; certaines étables sont en incontestable progrès. Pourquoi ?

204.0 923.0 1513.0 126.0 Sans donte parce qu'on a dû, pendant la guerre, procéder à une

206.0 1004.0 1528.0 135.0 sélection impitoyable, éliminer tout ce qui n'était pas parfait,

211.0 1088.0 1485.0 125.0 garder la qualité, supprimer le reste. Quoi qu’il en soit, la

219.0 1166.0 1562.0 131.0 fête fut un succès. Voici le menu du banquet arrosé de vins géné-

194.0 1245.0 1525.0 131.0 reux.- Les démobilisés, en grand nombre, y fraternisaient avec

206.0 1326.0 1586.0 137.0 les cultivateurs. La musique même de Mamers avait été reconstituée

211.0 1401.0 644.0 96.0 d’urgence et se prodiguait.

618.0 1493.0 1146.0 121.0 Rien ne manquait, après tant de deuils, et tont

185.0 1563.0 1585.0 128.0 de souffrances, et tant de vides irréparables creusés par la guerre

187.0 1642.0 1549.0 124.0 dans les rangs de plus de trente générations de 17 à 50 ans, rien

185.0 1715.0 1543.0 130.0 ne manquait ; et cependant, là encore, il fallait oublier bien des

179.0 1800.0 1534.0 124.0 deuils et de graves inquiétudes pour être gais comme on l'était.

192.0 1873.0 1550.0 128.0 Il fallait oublier, on n’oubliait que pour un moment, la situation

192.0 1952.0 1506.0 121.0 vraiment étrange et douloureuse de cet arrondissement de Mamers,

185.0 2028.0 1506.0 122.0 privé de son représentant et puni de l'avoir élu ! Et cependant

177.0 2099.0 1437.0 126.0 cet arrondissement reste fier de son choix, fier d’avoir pour

187.0 2176.0 1504.0 132.0 député au parlement un ancien Président du Conseil des Ministres,

179.0 2246.0 1416.0 132.0 emprisonné ; fier de tous les services qu’il a rendus et qu'il
