1920 2560
853.0 196.0 147.0 89.0 - 3 -

251.0 347.0 1590.0 126.0 départements de la Sarthe que j’avais visités il y a quinze jour, -

247.0 422.0 1594.0 136.0 au cours du voyage dont je vous ai fait le récit plutôt anecdotique,

243.0 509.0 1529.0 120.0 se sont réunis en congrès ce même 10 octobre pour désigner leurs

241.0 586.0 1580.0 111.0 candidats éventuels aux élections législatives prochaines. Par une

245.0 667.0 1527.0 107.0 fâcheuse coïncidence, j'étais retenu ce jour-là au Sénat par la

238.0 746.0 1626.0 141.0 discussion du traité de paix ; mais j’ai pu réussir à me trouver quand

236.0 825.0 1541.0 103.0 même au MANS sans manquer mon tour de parole à PARIS. Bien m’en

236.0 917.0 1560.0 94.0 pris. Et maintenant vous connaîtrez l'épilogue de mon voyage dans

238.0 989.0 1607.0 99.0 la Sarthe. Mes amis nombreux ne se sont pas laissés démonter et XXX

1730.0 987.0 130.0 56.0 ils ont

256.0 1070.0 1518.0 101.0 - non pas tranquillement, ce serait trop dire, - mais finalement

241.0 1149.0 1555.0 94.0 inscrit au nombre des cinq candidats à désigner sur notre liste du

228.0 1222.0 1542.0 102.0 parti républicain M. CAILLAUX, bien qu’il soit encore en prison !!

224.0 1303.0 1621.0 107.0 Son nom a obtenu l’unanimité des voix des délégués de son arrondisse-

228.0 1382.0 1600.0 104.0 ment de MAMERS, soit 20 voix, et un peu plus pour les autres arr/on-

226.0 1461.0 1583.0 96.0 dissements, - au total 160 voix sur 280 votants. Ce résultat a fait

228.0 1542.0 1572.0 94.0 sensation. M. CAILLAUX en profitera, je pense, pour souligner, une

228.0 1621.0 1632.0 94.0 fois de plus, aux yeux du pays, le scandale de sa détention prolongée.

213.0 1693.0 1657.0 101.0 J’avais bien raison de dire que ses accusateurs étaient les prisonniers

219.0 1783.0 1541.0 100.0 de leur prisonnier. Il ne les lâchera plus. Sa revanche arrive à

215.0 1860.0 292.0 89.0 grands pas.

501.0 1939.0 1318.0 98.0 J’aurai l'occasion de revenir sur ce sujet, car le Sénat

204.0 2020.0 1489.0 94.0 va tenir très prochainement sa première audience de Haute-Cour.

206.0 2090.0 1632.0 103.0 On sait déjà qu’il en profitera, non pas pour juger mais pour renvoyer

187.0 2167.0 1590.0 128.0 le procès après les élections, c’est à dire au printemps, à l'été
