1920 2560
878 89 169 96 - 3 -

249 226 1412 151 Louis X et de Louis XVI et de Napoléon, sans apercevoir la

238 317 1483 150 misère de la politique de conquête et en se livrant à des fan-

230 401 1429 138 taisies sans portée. Mais j’ai vigoureusement applaudi hier

241 484 1465 141 des passages dont je compte me servir plus tard ; j’ai applaudi

234 567 1430 126 ce qu'il a dit concernant la Rive Gauche du Rhin, les classes

247 642 1406 134 dirigeantes, la dépopulation, etc...etc…. Mais comment ne

228 731 1472 126 pas constater qu'il n'a pas songé un instant que chacune de ses

238 808 1438 130 paroles se retournait contre la guerre, e/n faisait ressortir

230 883 1493 134 l’inanité, la bêtise, comme le crime. Et alors ! Que penser de

232 970 1485 130 ces Assemblées qui applaudissent à tout rompre ce tissu brillant

219 1049 1387 124 mais fragile et décevant de contradictions et de paradoxes,

219 1124 1455 130 cette légèreté enfin d'un esprit dont la profondeur est grande

215 1203 1399 145 aux yeux seuls de son auditoire, mais en réalité si limitée.

535 1301 1109 107 Je me suis borné, dans la discussion et avant le

221 1365 1438 119 discours du Président du Conseil, à prendre acte de toutes les

211 1435 1410 124 déceptions de cette guerre, déceptions qu'on essaie de mettre

202 1523 1344 121 sur le seul compte du Traité. Vous trouverez mon discours

202 1593 1370 124 également à l'Officiel. On m'a écouté sans protester, sans

213 1674 1442 120 m’interrompre, dans un sentiment de malaise général que je n’ai

196 1753 1446 120 pas voulu souligner de peur de soulever une discussion confuse.

213 1826 1399 123 On m'a écouté ; les membres du Gouvernement ne disant rien et

192 1902 1390 118 me regardant plutôt de travers. Le Sénat non plus ne disait

194 1984 1420 110 rien ; il n'en pensait peut-être pas davantage ; mais il ne m’a

192 2052 1463 117 tout de même pas arrêté dans mon très rapide exposé.. Quelques-

177 2129 1384 121 uns même de mes collègues par-ci par-là, ont applaudi. J'en
