1920 2560
938 119 83 73 - 3 -

209 275 765 123 d'embarras, le nom de Caillaux.

659 392 1167 100 J'ai saisi avec empressement cette interruption.

206 469 1628 111 Expliquons-nous donc, ai-je répondu. Qu’avez-vous à me reprocher ?

196 554 1532 113 Membre de la Haute-Cour, je n'ai pas à me prononcer sur le fond

198 635 1615 107 de l’affaire avant les débats ; mais j’ai le droit de dire que ces

200 714 1525 103 débats, on nous les fait attendre depuis 3 ans ; et que cela est

206 802 1568 111 inadmissible. Vous applaudissez, vous, auditeurs, à mes paroles ;

206 885 655 92 mais vous, M. de Nicolay ?

622 972 700 84 Et M. de Nicolay m'a répondu:

625 1049 1056 90 Vous attaquez donc les formes de la justice.

622 1141 1095 94 Non, je proteste contre les lenteurs qu'on lui

189 1209 175 92 impose.

614 1290 1124 98 Il faut/s'incliner, reprend tranquillement M. de

194 1371 200 81 Nicolay.

614 1457 1096 87 Alors, repris-je, vous laisserez pendant vingt

202 1521 1124 102 ans un accusé sous les verrous, sans jugement ?

599 1612 674 84 Cela s’est vu, déclara-t-il,

608 1689 1120 105 Oui, sous Louis XIV, ai-je conclu ; c’est là que

206 1757 632 92 vous voulez nous ramener :

599 1845 1107 89 On m'a applaudi fortement et on n’a plus parlé

215 1913 1587 100 de l’affaire Caillaux ; le lendemain j'ai eu la majorité dans cette

215 1994 1532 100 commune, mais non dans les autres où j'ai perdu beaucoup de voix.

608 2075 1045 98 Dans d’autres cantons de l’arrondissement de

198 2144 1406 102 La Flèche passent de même les principaux hobereaux, tenus à

213 2222 431 79 l'écart jusqu'ici.
