1920 2560
844 206 344 116 LETTRE N° 602.

192 398 245 107 SENAT

1173 471 563 107 PARIS, 15 Décembre 1919.

437 689 1280 85 LE BILAN DE LA GUERRE DRESSÉ PAR LA DOTATION CARNEGIE.

1011 883 371 79 Mon cher Butler,

625 1060 1115 96 Un journal de Paris, l'"HUMANITÉ", bien entendu,

249 1149 1502 86 et non la presse bien pensante, a publié hier matin, 14 Décembre,

249 1222 1470 92 en première page, un article saisissant, résumant un rapport de

266 1307 1118 81 la Dotation Carnegie sur les pertes de la guerre.

633 1384 1099 83 Voici cet article. J'espère que d’autres journaux

256 1452 1273 84 résumeront le rapport en question. Cela est essentiel.

642 1538 1086 74 Si la Dotation n'arrivait qu'à dresser le bilan

256 1608 1450 85 de cette effroyable guerre, cela suffirait déjà à justifier son

249 1685 1033 77 existence ; mais ce n'est qu'un commencement.

640 1762 1062 83 Je lui fournirai, et je lui ai fourni déjà par

266 1824 1425 96 anticipation, tous les éléments que j'ai pu réunir pour nourrir

266 1905 1459 93 son enquête. Nous ne serons pas trop de deux volontés de chaque

247 1975 401 85 côté de l'océan.

640 2050 1032 94 Voilà l’œuvre à poursuivre et aux Etats-Unis

258 2124 1425 103 et en Europe et dans le Monde entier. Comptez sur moi plus que

72 2282 1048 107 à Monsieur le Président Nicholas Murray BUTLER.
