1920 2560
874 29 137 81 - 5 -

206 145 1419 149 particulièrement intéressants des élections de Dimanche.

501 251 1107 135 VIVIANI et BRIAND sont réélus, haut la main.

492 341 1297 128 TARDIEU, avec toute sa liste, bat FRANCKLIN-BOUILLON,

206 418 1046 113 en Seine-&-Oise, par une énorme majorité.

494 505 1266 128 De même le Secrétaire de Clemenceau, MANDEL, que le

196 593 1472 115 caricaturiste génial Gassier,- sans parler du reste,- a si

196 682 1493 111 bien fait connaître depuis trois ans, en France, n'en a pas

213 763 1468 111 moins fait passer également toute sa liste dans la Gironde.

501 846 1212 111 LOUCHEUR est élu. De même Paul BONCOUR et BLUM.

488 932 1212 117 HERRIOT, Sénateur, a fait à Lyon ce que j'aurais

189 1009 1415 113 voulu pouvoir faire dans la Sarthe si je n’avais pas été

194 1100 1534 111 certain de n’arriver qu’à prendre la responsabilité des divi-

196 1184 710 87 sions du parti républicain, -

488 1269 1222 111 Chose significative, les deux avocats de Caillaux

181 1339 1510 115 qui, lui, s’est désisté, comme vous savez, n'étant pas libre

194 1435 1418 103 de faire campagne, sont élus. - . A noter encore les

177 1506 1557 115 élections de deux aviateurs célèbres, HEURTEAUX et FONCK, celles

189 1595 1470 105 de l'Amiral GUEPRATTE, du fils FALLIERES, de BESSONNEAU, du

177 1668 1395 106 Pasteur SOULIÉ, de l'Abbé WETTERLÉ, de Marcel HABERT, le

194 1753 1514 109 lieutenant de Paul Déroulède, et de Marc SANGNIER, etc..etc...

471 1847 1216 87 LONGUET, dont la campagne bolcheviste a contribué

196 1917 1453 101 au groupement des voix de la droite et de la gauche modérée,

196 1996 1404 92 est battu, avec un grand nombre de voix, mais tout de même

196 2073 490 90 battu dans la Seine.

469 2148 1267 113 PAINLEVÉ, Ferdinand BUISSON, notre ami le Professeur
