<?xml version="1.0" encoding="UTF-8"?>
<alto xmlns:xsi="http://www.w3.org/2001/XMLSchema-instance"
	  xmlns="http://www.loc.gov/standards/alto/ns-v4#"
	  xsi:schemaLocation="http://www.loc.gov/standards/alto/ns-v4# https://gitlab.inria.fr/scripta/escriptorium/-/raw/develop/app/escriptorium/static/alto-4-1-baselines.xsd">
  <Description>
	<MeasurementUnit>pixel</MeasurementUnit>
	<sourceImageInformation>
	  <fileName>P1190819.JPG</fileName>
	</sourceImageInformation>
  </Description>
  <Layout>
    <Page WIDTH="1920" HEIGHT="2560" PHYSICAL_IMG_NR="7" ID="eSc_dummypage_">
      <PrintSpace HPOS="0" VPOS="0" WIDTH="1920" HEIGHT="2560">
        
        <TextBlock ID="eSc_dummyblock_">
	      <TextLine ID="eSc_line_240477" BASELINE="145 262 174 258 401 260" HPOS="145" VPOS="215" WIDTH="256" HEIGHT="139">
            <Shape>
              <Polygon POINTS="145 262 166 230 202 236 224 215 247 234 279 221 305 243 315 232 334 236 347 224 381 230 401 260 394 298 384 309 309 302 283 328 253 334 234 354 213 339 187 347 147 322"/>
            </Shape>
	        <String CONTENT="SENAT" HPOS="145" VPOS="215" WIDTH="256" HEIGHT="139"></String>
          </TextLine>
        
        
	      <TextLine ID="eSc_line_240476" BASELINE="699 219 869 215 1049 217" HPOS="697" VPOS="185" WIDTH="350" HEIGHT="58">
            <Shape>
              <Polygon POINTS="697 217 699 189 780 185 829 185 859 198 904 185 928 200 1009 187 1047 215 1041 234 1028 241 947 243 930 226 896 241 870 215 842 241 699 234"/>
            </Shape>
	        <String CONTENT="LETTRE N° 588." HPOS="697" VPOS="185" WIDTH="350" HEIGHT="58"></String>
          </TextLine>
        
        
	      <TextLine ID="eSc_line_240478" BASELINE="1111 337 1448 337 1612 326 1749 327" HPOS="1109" VPOS="277" WIDTH="638" HEIGHT="100">
            <Shape>
              <Polygon POINTS="1109 334 1111 309 1130 300 1173 309 1192 296 1222 307 1239 296 1275 315 1286 305 1339 305 1350 313 1386 294 1416 315 1429 302 1478 305 1497 285 1529 294 1576 281 1595 298 1629 300 1659 279 1693 294 1717 277 1740 296 1747 326 1742 347 1717 373 1700 364 1687 377 1664 354 1636 345 1576 358 1563 373 1544 360 1493 369 1480 362 1467 371 1444 358 1425 375 1393 360 1365 366 1350 352 1335 364 1258 375 1222 362 1145 362 1113 347"/>
            </Shape>
	        <String CONTENT="Paris, le l4 novembre 1919" HPOS="1109" VPOS="277" WIDTH="638" HEIGHT="100"></String>
          </TextLine>
        
        
	      <TextLine ID="eSc_line_240479" BASELINE="604 654 859 648 1019 648 1083 642 1267 642" HPOS="603" VPOS="588" WIDTH="662" HEIGHT="116">
            <Shape>
              <Polygon POINTS="603 652 605 618 616 622 625 614 652 633 682 614 729 620 755 612 785 616 800 631 819 614 868 629 910 601 930 618 964 605 981 605 994 618 1013 608 1032 616 1126 616 1152 599 1177 614 1203 588 1258 608 1265 640 1260 686 1143 682 1102 704 1090 691 1075 699 1060 686 1047 695 1034 686 1021 695 1011 684 981 695 872 686 851 697 827 689 740 689 718 691 706 704 680 693 608 693"/>
            </Shape>
	        <String CONTENT="LA GREVE et &quot;L&#39;ILLUSTRATION&quot;" HPOS="603" VPOS="588" WIDTH="662" HEIGHT="116"></String>
          </TextLine>
        
        
	      <TextLine ID="eSc_line_240480" BASELINE="938 844 1316 840" HPOS="938" VPOS="802" WIDTH="378" HEIGHT="83">
            <Shape>
              <Polygon POINTS="938 844 940 812 979 817 998 808 1017 827 1043 814 1117 812 1130 821 1158 804 1179 812 1198 802 1218 814 1284 814 1316 840 1312 874 1290 881 1280 870 1243 868 1224 885 1207 868 1147 870 1132 857 1109 881 1088 883 1066 870 1049 883 1038 872 1030 881 942 868"/>
            </Shape>
	        <String CONTENT="Mon cher Butler," HPOS="938" VPOS="802" WIDTH="378" HEIGHT="83"></String>
          </TextLine>
        
        
	      <TextLine ID="eSc_line_240481" BASELINE="569 1002 806 1006 861 1004 887 1000 1239 1002 1559 992 1815 994 1897 985" HPOS="567" VPOS="934" WIDTH="1329" HEIGHT="117">
            <Shape>
              <Polygon POINTS="567 1000 571 972 652 981 693 972 708 981 727 966 772 979 797 953 829 966 838 960 851 972 885 957 919 957 938 974 972 977 994 962 1015 968 1041 957 1056 970 1092 962 1126 972 1218 977 1292 936 1346 979 1369 953 1390 968 1431 949 1457 968 1499 957 1521 966 1544 951 1565 960 1585 940 1610 960 1629 960 1651 942 1683 936 1760 957 1787 947 1811 957 1873 934 1890 945 1896 983 1881 1009 1845 1017 1732 1017 1717 1032 1696 1017 1619 1019 1585 1004 1548 1026 1521 1004 1495 1026 1465 1019 1452 1006 1437 1021 1408 1024 1354 1024 1341 1011 1326 1026 1260 1019 1237 1036 1226 1028 1137 1024 1109 1051 1068 1041 1053 1047 1036 1036 1011 1045 974 1032 802 1038 785 1021 772 1034 714 1024 672 1047 642 1030 612 1043 571 1019"/>
            </Shape>
	        <String CONTENT="Voici la réponse du rédacteur en chef de l&#39;ILLUSTRATION&quot;" HPOS="567" VPOS="934" WIDTH="1329" HEIGHT="117"></String>
          </TextLine>
        
        
	      <TextLine ID="eSc_line_240482" BASELINE="389 1088 450 1088 757 1088 864 1081 989 1081 1043 1077 1356 1077 1405 1075 1480 1075 1604 1068 1864 1068" HPOS="388" VPOS="1017" WIDTH="1474" HEIGHT="103">
            <Shape>
              <Polygon POINTS="388 1088 390 1062 420 1047 454 1070 484 1053 501 1058 518 1043 595 1064 684 1047 710 1058 727 1045 740 1053 789 1051 808 1064 838 1041 868 1045 883 1058 970 1058 996 1047 1053 1051 1068 1043 1105 1056 1120 1047 1248 1049 1262 1062 1286 1064 1307 1045 1367 1038 1397 1024 1429 1028 1450 1045 1587 1041 1602 1028 1642 1038 1659 1024 1681 1036 1762 1034 1777 1045 1806 1034 1826 1041 1856 1017 1862 1066 1836 1092 1794 1090 1774 1079 1740 1096 1651 1102 1636 1094 1595 1100 1574 1090 1527 1102 1514 1092 1506 1100 1420 1098 1397 1109 1378 1096 1305 1102 1290 1092 1267 1109 1205 1100 1184 1120 1158 1102 1124 1100 1081 1113 1064 1102 1019 1107 998 1120 968 1102 910 1115 874 1094 864 1105 846 1109 832 1100 797 1117 774 1109 676 1117 597 1107 582 1120 524 1109 473 1120 456 1107 403 1120 392 1111"/>
            </Shape>
	        <String CONTENT="La grève actuelle, à son grand regret, l’empêche d’utiliser vos" HPOS="388" VPOS="1017" WIDTH="1474" HEIGHT="103"></String>
          </TextLine>
        
        
	      <TextLine ID="eSc_line_240487" BASELINE="401 1173 433 1169 518 1169 563 1160 676 1164 957 1164 983 1160 1130 1154 1499 1156 1523 1152 1693 1149 1715 1143 1740 1147 1847 1143" HPOS="401" VPOS="1109" WIDTH="1446" HEIGHT="94">
            <Shape>
              <Polygon POINTS="401 1173 405 1134 437 1139 458 1130 505 1149 531 1132 586 1137 599 1124 629 1137 682 1137 704 1124 725 1137 757 1126 808 1134 825 1120 861 1134 881 1134 891 1124 1109 1124 1128 1141 1154 1145 1175 1130 1258 1126 1292 1137 1309 1122 1329 1122 1356 1137 1378 1122 1420 1128 1448 1115 1459 1126 1548 1115 1570 1134 1587 1120 1625 1113 1642 1122 1659 1111 1693 1124 1710 1109 1723 1120 1745 1109 1764 1122 1841 1115 1847 1143 1838 1173 1768 1171 1760 1179 1653 1169 1595 1179 1570 1166 1555 1175 1486 1175 1476 1186 1452 1173 1418 1186 1384 1184 1363 1171 1346 1184 1290 1175 1209 1190 1149 1177 1130 1194 1115 1181 1030 1181 1017 1190 974 1184 955 1192 838 1192 819 1203 725 1190 714 1198 684 1190 548 1194 516 1186 450 1198 405 1194"/>
            </Shape>
	        <String CONTENT="très intéressantes/photographies, comme il l’aurait certainement" HPOS="401" VPOS="1109" WIDTH="1446" HEIGHT="94"></String>
          </TextLine>
        
        
	      <TextLine ID="eSc_line_240490" BASELINE="394 1250 648 1243 676 1239 915 1239" HPOS="394" VPOS="1198" WIDTH="521" HEIGHT="84">
            <Shape>
              <Polygon POINTS="394 1250 396 1222 422 1207 435 1218 482 1209 522 1241 567 1205 597 1220 633 1207 659 1218 684 1216 706 1198 725 1213 740 1207 765 1216 782 1205 795 1216 814 1207 838 1213 868 1201 908 1224 915 1239 910 1265 891 1271 868 1262 780 1269 736 1258 693 1277 663 1267 625 1275 603 1256 573 1277 535 1260 497 1282 452 1269 409 1273 398 1262"/>
            </Shape>
	        <String CONTENT="fait, en temps normal." HPOS="394" VPOS="1198" WIDTH="521" HEIGHT="84"></String>
          </TextLine>
        
        
	      <TextLine ID="eSc_line_240491" BASELINE="580 1320 755 1320 827 1316 1068 1318 1177 1312 1271 1312 1314 1307 1614 1309 1657 1305 1821 1305" HPOS="580" VPOS="1260" WIDTH="1241" HEIGHT="96">
            <Shape>
              <Polygon POINTS="580 1320 593 1288 614 1290 622 1282 633 1290 697 1288 710 1299 736 1282 750 1290 763 1282 787 1299 810 1284 896 1288 910 1277 945 1297 960 1282 1009 1288 1056 1273 1085 1299 1128 1273 1171 1275 1179 1284 1205 1271 1294 1280 1312 1292 1341 1267 1382 1292 1444 1269 1484 1280 1499 1265 1527 1286 1550 1265 1568 1269 1576 1260 1612 1288 1632 1271 1732 1275 1751 1267 1766 1275 1796 1267 1815 1282 1821 1305 1804 1331 1629 1331 1614 1318 1600 1331 1550 1333 1523 1316 1501 1333 1429 1333 1412 1341 1382 1326 1367 1337 1329 1335 1316 1322 1297 1337 1258 1333 1233 1348 1201 1337 1179 1356 1147 1335 1105 1339 1088 1326 1051 1350 1017 1326 1000 1344 945 1331 898 1344 793 1344 780 1335 738 1352 716 1333 699 1346 680 1339 650 1350 627 1331 610 1346 582 1341"/>
            </Shape>
	        <String CONTENT="C’est le revers de la médaille ; la grève des journaux" HPOS="580" VPOS="1260" WIDTH="1241" HEIGHT="96"></String>
          </TextLine>
        
        
	      <TextLine ID="eSc_line_240492" BASELINE="396 1403 622 1403 844 1393 1143 1395 1273 1388 1318 1386 1736 1386 1766 1380" HPOS="394" VPOS="1344" WIDTH="1370" HEIGHT="91">
            <Shape>
              <Polygon POINTS="394 1401 418 1367 428 1371 454 1358 484 1384 497 1373 537 1369 556 1386 597 1365 612 1376 631 1358 644 1371 676 1373 706 1350 727 1367 742 1358 785 1378 814 1369 836 1348 915 1361 928 1373 945 1358 1013 1361 1028 1346 1077 1363 1102 1354 1132 1376 1156 1356 1179 1363 1209 1350 1248 1378 1284 1350 1344 1361 1382 1350 1412 1354 1429 1369 1452 1358 1495 1358 1506 1348 1536 1358 1553 1348 1610 1356 1646 1344 1693 1354 1728 1350 1764 1378 1757 1410 1742 1416 1700 1405 1632 1405 1619 1416 1604 1405 1563 1410 1546 1397 1531 1412 1467 1410 1452 1420 1427 1401 1418 1410 1373 1410 1352 1425 1339 1414 1254 1414 1241 1405 1201 1435 1143 1422 1088 1431 1060 1416 957 1425 928 1414 885 1425 859 1408 842 1422 804 1425 787 1410 768 1422 682 1418 669 1431 637 1422 582 1433 486 1414 473 1425 428 1422 396 1435"/>
            </Shape>
	        <String CONTENT="est un phénomène et un accident très gênants pour beaucoup," HPOS="394" VPOS="1344" WIDTH="1370" HEIGHT="91"></String>
          </TextLine>
        
        
	      <TextLine ID="eSc_line_240493" BASELINE="394 1480 686 1480 721 1476 842 1474 872 1469 1158 1472 1324 1465 1350 1461 1668 1463 1734 1459 1838 1459" HPOS="394" VPOS="1410" WIDTH="1444" HEIGHT="117">
            <Shape>
              <Polygon POINTS="394 1480 405 1450 473 1446 512 1463 531 1446 567 1446 580 1457 588 1448 686 1450 710 1440 727 1448 785 1448 797 1435 825 1452 896 1435 938 1448 962 1440 1002 1448 1079 1433 1088 1442 1160 1437 1179 1450 1198 1437 1252 1437 1269 1446 1373 1440 1384 1448 1408 1427 1454 1448 1510 1410 1623 1420 1644 1433 1664 1425 1685 1444 1704 1427 1768 1435 1794 1418 1821 1425 1838 1459 1819 1480 1787 1484 1770 1474 1740 1486 1730 1476 1704 1486 1683 1472 1672 1482 1617 1491 1542 1484 1508 1495 1457 1478 1399 1489 1382 1476 1367 1489 1305 1491 1273 1512 1211 1512 1194 1497 1162 1512 1122 1495 1111 1504 1066 1495 1030 1506 992 1493 962 1504 936 1495 846 1504 834 1493 802 1499 787 1486 776 1497 704 1506 633 1506 616 1497 561 1527 509 1493 435 1512 398 1501"/>
            </Shape>
	        <String CONTENT="mais je persiste à penser qu’elle est pour la dictature d e la" HPOS="394" VPOS="1410" WIDTH="1444" HEIGHT="117"></String>
          </TextLine>
        
        
	      <TextLine ID="eSc_line_240494" BASELINE="394 1559 473 1555 684 1555 814 1550 836 1546 1173 1548 1196 1544 1369 1538 1766 1540" HPOS="392" VPOS="1489" WIDTH="1372" HEIGHT="104">
            <Shape>
              <Polygon POINTS="392 1557 407 1529 456 1518 469 1529 497 1523 548 1527 556 1536 580 1521 622 1531 697 1516 710 1525 755 1525 768 1514 789 1523 804 1512 817 1521 872 1523 925 1510 949 1531 972 1510 989 1516 1006 1506 1026 1521 1177 1512 1203 1529 1216 1516 1248 1512 1273 1521 1324 1514 1341 1529 1361 1516 1418 1508 1429 1514 1448 1495 1467 1510 1491 1489 1538 1504 1555 1491 1589 1504 1602 1493 1640 1523 1659 1501 1693 1510 1751 1506 1764 1538 1757 1557 1717 1561 1704 1550 1691 1563 1659 1568 1640 1553 1625 1568 1363 1570 1331 1561 1312 1576 1271 1561 1252 1576 1237 1565 1222 1574 1201 1561 1156 1578 1098 1570 1047 1580 1009 1570 972 1580 951 1565 925 1576 861 1572 851 1582 836 1574 765 1572 729 1580 684 1572 674 1582 454 1578 424 1593 394 1572"/>
            </Shape>
	        <String CONTENT="presse un avertissement nécessaire et le commencement de la" HPOS="392" VPOS="1489" WIDTH="1372" HEIGHT="104"></String>
          </TextLine>
        
        
	      <TextLine ID="eSc_line_240488" BASELINE="401 1627 437 1634 612 1634 825 1629 876 1627 898 1623 1198 1625 1376 1614 1719 1617 1745 1612 1845 1608" HPOS="401" VPOS="1576" WIDTH="1444" HEIGHT="94">
            <Shape>
              <Polygon POINTS="401 1627 424 1600 452 1595 467 1606 637 1606 652 1619 676 1600 723 1619 742 1604 793 1595 812 1578 866 1593 910 1578 932 1597 972 1587 983 1595 1038 1591 1111 1606 1130 1589 1175 1602 1207 1585 1239 1593 1250 1582 1267 1591 1294 1582 1324 1595 1410 1589 1431 1600 1482 1580 1501 1589 1638 1580 1661 1595 1674 1582 1757 1585 1766 1593 1785 1576 1815 1576 1838 1580 1845 1608 1838 1629 1824 1640 1815 1632 1789 1638 1770 1629 1757 1638 1687 1640 1666 1629 1653 1640 1514 1646 1446 1644 1429 1629 1410 1646 1369 1651 1339 1634 1297 1651 1262 1642 1230 1661 1181 1634 1158 1655 1117 1644 1081 1657 942 1651 913 1666 883 1651 748 1657 723 1644 691 1666 644 1653 582 1664 567 1653 526 1653 509 1668 450 1659 433 1670 405 1668"/>
            </Shape>
	        <String CONTENT="découverte du contre poison ou du vaccin que réclament tous les" HPOS="401" VPOS="1576" WIDTH="1444" HEIGHT="94"></String>
          </TextLine>
        
        
	      <TextLine ID="eSc_line_240485" BASELINE="401 1713 471 1708 657 1710 874 1700 1132 1702 1324 1691 1678 1693 1742 1687 1906 1680" HPOS="398" VPOS="1644" WIDTH="1507" HEIGHT="126">
            <Shape>
              <Polygon POINTS="398 1710 403 1689 420 1676 458 1683 482 1670 520 1672 550 1685 586 1678 605 1691 682 1668 723 1696 742 1678 770 1672 827 1676 853 1655 923 1670 992 1670 1002 1659 1051 1670 1073 1659 1092 1674 1109 1666 1143 1672 1154 1664 1262 1666 1277 1676 1305 1666 1393 1670 1418 1659 1450 1678 1497 1644 1610 1649 1676 1683 1702 1661 1734 1653 1789 1657 1806 1646 1824 1655 1875 1653 1896 1661 1905 1678 1898 1702 1845 1715 1806 1708 1794 1717 1768 1706 1753 1719 1734 1710 1717 1728 1702 1715 1668 1723 1642 1715 1623 1723 1467 1721 1450 1708 1414 1717 1369 1757 1352 1753 1341 1762 1290 1740 1245 1749 1213 1734 1188 1742 1166 1725 1154 1736 1085 1728 1058 1738 1049 1730 1000 1736 977 1728 966 1736 945 1721 917 1742 900 1728 825 1736 723 1721 657 1770 637 1760 567 1753 512 1762 497 1749 477 1760 458 1747 435 1742 424 1751 403 1738"/>
            </Shape>
	        <String CONTENT="honnêtes gens contre ce fléau moderne. Soyons patients. Atendons." HPOS="398" VPOS="1644" WIDTH="1507" HEIGHT="126"></String>
          </TextLine>
        
        
	      <TextLine ID="eSc_line_240484" BASELINE="921 1813 1111 1813 1139 1809 1268 1806 1344 1802 1605 1804" HPOS="919" VPOS="1762" WIDTH="685" HEIGHT="81">
            <Shape>
              <Polygon POINTS="919 1811 921 1783 1013 1787 1026 1777 1047 1796 1064 1779 1107 1779 1124 1762 1201 1762 1213 1774 1243 1762 1269 1779 1286 1764 1326 1777 1341 1766 1367 1777 1388 1762 1401 1774 1533 1777 1561 1768 1604 1802 1580 1832 1309 1828 1160 1836 1045 1826 1032 1834 1011 1830 994 1843 921 1834"/>
            </Shape>
	        <String CONTENT="Votre affectueusement dévoué," HPOS="919" VPOS="1762" WIDTH="685" HEIGHT="81"></String>
          </TextLine>
        
        
	      <TextLine ID="eSc_line_240909" BASELINE="1198 1920 1650 1910" HPOS="1196" VPOS="1832" WIDTH="453" HEIGHT="147">
            <Shape>
              <Polygon POINTS="1196 1920 1207 1907 1218 1911 1286 1849 1303 1841 1318 1849 1365 1832 1380 1832 1427 1879 1465 1856 1484 1873 1540 1870 1555 1885 1563 1877 1600 1902 1634 1883 1649 1909 1636 1958 1595 1928 1529 1941 1474 1924 1450 1934 1403 1934 1378 1922 1339 1934 1292 1973 1252 1979 1224 1966 1201 1977"/>
            </Shape>
	        <String CONTENT="££" HPOS="1196" VPOS="1832" WIDTH="453" HEIGHT="147"></String>
          </TextLine>
        
        
	      <TextLine ID="eSc_line_240486" BASELINE="140 2005 544 2009 565 2005 704 2003 772 2005 983 2001 1062 1994" HPOS="138" VPOS="1956" WIDTH="922" HEIGHT="70">
            <Shape>
              <Polygon POINTS="138 2003 147 1975 181 1988 211 1975 388 1984 401 1971 420 1981 435 1971 454 1986 469 1975 509 1979 518 1971 544 1979 633 1977 650 1962 678 1990 697 1971 740 1990 787 1958 823 1971 836 1958 885 1956 1049 1964 1060 1992 1053 2024 923 2024 904 2011 889 2024 759 2024 748 2013 736 2024 691 2024 678 2016 667 2024 467 2026 454 2013 441 2026 140 2024"/>
            </Shape>
	        <String CONTENT="à Monsieur le Président M. Murray BUTLER" HPOS="138" VPOS="1956" WIDTH="922" HEIGHT="70"></String>
          </TextLine>
        
        
	      <TextLine ID="eSc_line_240483" BASELINE="411 2075 616 2075" HPOS="411" VPOS="2050" WIDTH="205" HEIGHT="85">
            <Shape>
              <Polygon POINTS="411 2075 418 2052 469 2050 601 2052 616 2075 612 2133 586 2126 573 2135 539 2120 492 2129 416 2118"/>
            </Shape>
	        <String CONTENT="NEW YORK" HPOS="411" VPOS="2050" WIDTH="205" HEIGHT="85"></String>
          </TextLine>
        </TextBlock>
        
      </PrintSpace>
    </Page>
  </Layout>
</alto>
