1920 2560
889 68 177 89 - 10 -

226 215 1576 113 seul, par sa violence, les augmentations de salaire££s££ que récla-

230 300 1544 111 mera vainement le travail intellectuel. Un ouvrier finit par

228 379 1527 115 être plus payé pour graisser une machine que l'ingénieur qui

224 473 1518 111 l'a conçue ou que le professeur qui nous enseigne à nous en

221 554 233 94 servir !

674 642 992 102 Ajoutez à cette légion de mécontents la

219 714 1541 113 multitude des petits ou gros profiteurs de la guerre, qui ne

224 812 1474 105 veulent pas qu’on porte atteinte à leur gain, à leur bien,

236 900 1460 96 et pour lesquels les élections se sont faites dans la peur

228 979 1557 102 d'être dépouillés ; vous comprendrez que les contradictions de

236 1066 1472 103 la nouvelle loi électorale, les divisions des républicains,

211 1160 1540 105 les violences des socialistes bolchevistes, n'ont pas seules

221 1248 1507 87 fait le succès de la réaction. La réaction a profité de la

215 1322 1530 96 démoralisation d/e la guerre ; c’est normal. Reste à savoir,

209 1414 1555 87 encore une fois, si la réaction sera capable de s’imposer les

226 1484 1484 111 immenses sacrifices nécesaires pour remettre les choses en

232 1582 1410 79 place ou si elle abusera de son pouvoir pour imposer ces

230 1657 1523 94 sacrifices à d’autres qu'à elle. Or, comme cet abus est tout

228 1745 1410 87 son principe, son origine et sa fin, nous savons où il la

219 1817 1199 109 mènera, et la France avec elle, malheureusement.

654 2067 1093 89 Quant à moi, je repars demain pour affronter

221 2150 1502 83 dans la Sarthe et enfin braver en face la meute des calomnia-

230 2229 1440 96 teurs qui ont bénéficié pendant cinq ans de l’impunité que
