1757 2197
307 216 1110 278 points de votre lettre du 24 Avril.
780 283 1456 362 Votre affectueusement dévoué,
291 470 776 547 Monsieur le Président
331 558 725 622 N. Murray BUTLER,
500 638 710 706 NEW-YORK.
285 781 1654 849 P.S.-  Je vous envoie plusieurs exemplaires de la second
307 829 1621 878 partie de cette lettre, si vous croyez devoir la communi-
305 865 1614 922 quer à plusieurs de nos amis, par exemple à Robert Bacon,
305 902 1586 972 lequel ne m'a pas non plus donné signe de vie depuis la
300 983 1645 1034 le déluge d'attaque dont j'ai été l'objet, au début de la
298 1025 1579 1076 guerre, dans des journaux comme le "Figaro" et parmi sa
311 1060 1665 1113 clientèle. Qu'il ne se fasse pas illusion, la France toute
304 1094 1639 1164 entière est maintenant contre ces infâmes journaux. C'est
302 1136 994 1202 un mauvais vent qui est passé.
