1761 2197
249 78 703 153 ££ ££ ££ ££ ££
740 84 912 166 COPIE.
947 172 1484 250 BALE, le 18 AVril 1916.
1000 223 1390 283 43 Steinengraben,
393 355 1487 472 Monsieur le Sénateur d'Estournelles de Constant,
1055 422 1194 490 PARIS.
128 600 617 673 Monsieur le Sénateur,
582 618 1528 725 Permettez-moi de vous f/éliciter de votre
128 671 1476 781 article dans la Nouvelle Gazette de Zurich qui montrera une
141 708 1568 822 fois de plus à mes collègues pacifistes allemands ce qu'il faut
141 757 1489 864 leur montrer, à savoir qu'ils n'ont pas le courage de leurs
139 783 1513 895 opinion/s et qu'ils sont incapables de s'élever au-dessus de
142 823 1577 941 leurs intérêts matériels immédiats. Ce n'est pas que des hommes
141 865 1559 974 comme le Dr. Fried ne comprendraient pas le point de vue fran-
146 909 1491 1017 çais. Ils savent parfaitement que le triomphe de nos idées
152 939 1563 1058 pacifistes ne peut venir que d'une défaite allemande. Mais en
150 983 1564 1096 public ils parlent tout autrement craignant de se compromettre
152 1012 1588 1136 devant ceux à la disparition desquels ils ne peuvent pas encore
153 1054 1632 1173 croire. Demain, quand le sort de ceux-ci se dessinera de plus e
152 1091 1638 1212 plus clairement, ils vous approuveront au fur et à mesure que le
153 1135 1566 1250 risques de le dire ouvertement disparaîtront. Pour le moment,
161 1168 1612 1283 vous nous faites le plus grand plaisir, à nous autres démocrates
159 1215 1530 1321 et républicains positifs allemands, de venir dire de temps à
159 1248 1563 1363 autre leur fait à ceux qui, au fond, sont heureux qu'il y ait
161 1285 1579 1398 des "jusqu'auboutistes", puisqu'ils savent aussi bien que vous
164 1323 1581 1435 et moi que le bien du monde ne peut naître que de la chute des
170 1373 1491 1479 dynasties qui jusqu'ici ont été les maîtres absolus sur la
170 1437 897 1517 guerre et la paix dans le monde.
637 1440 1542 1536 Par même courrier, je me permets de vous
177 1479 1632 1592 adresser un exemplaire de la tradition française de mon dernier
175 1521 1597 1636 livre: "Gerade weil ich Deutscher bin!" Encore que cette tra-
177 1556 1570 1667 duction soit assez défecyueuse au point de vue littéraire, je
177 1589 1612 1706 crois que vous lirez avec plaisir ces quelques pages qui, si je
183 1634 1526 1748 ne me trompe, sont la première manifestation d'un pacifisme
185 1669 1614 1785 positif tel que l'heure présente l'exigerait à mon avis de tous
199 1711 1509 1827 les pacifistes allemands dignes de ce nom et conscients de
186 1810 478 1863 leur devoir.
641 1783 1586 1874 Excusez la liberté que j'ai prise en vous
186 1819 1651 1940 écrivant,moi écrivain modeste, mais acceptez cette lettre comme
