1745 2197
791 113 1074 183 LETTRE N° 316.
170 232 402 309 SÉNAT
1113 192 1528 265 PARIS, 30 Août 1917.
331 393 1653 492 O. CHADWICK. - . LA BONNE ORGANISATION de la DÉFENSE de NOS CÔTES.
468 320 1609 422 LES HÉCATOMBES d'AVIATEURS. - . LES AVIATEURS AMÉRICAINS.
327 459 1596 558 LE FIASCO de la GUERRE SOUS-MARINE ALLEMANDE. - . L'ARRIVÉE de
325 536 1653 620 L'ARMÉE AMÉRICAINE à St-NAZAIRE. - . LA TRANQUILLITÉ de la FRANCE.
331 595 1669 703 QU'ON ne S'Y FIE PAS TROP CEPENDANT.-. LE FUTUR CONGRÈS de la PAIX.
818 787 1144 844 Mon cher Butler,
607 944 1058 1012 Au début de la guerre,
327 1076 805 1155 inexpugnables. A la fin,
629 1287 858 1349 Aujourd'hui
