1745 2197
840 129 1131 194 LETTRE N° 447.
184 227 406 316 SÉNAT
1151 234 1675 322 PARIS, le 6 Décembre 1918
415 514 1450 582 LA DIGNITÉ DU PEUPLE DE PARIS DANS LA VICTOIRE
527 448 1340 512 LE ROI ET LA REINE DES BELGES à PARIS .
706 576 1109 644 LES CHAMPS-ELYSÉES
935 648 1459 723 QUELLE TENTATION SI.......
646 1001 1541 1063 J'ai assisté hier au passage du Roi et de la
648 1274 1525 1332 J'étais chez nos amis les Tuck, aux Champs-
