1756 2197
816 126 1105 192 LETTRE N° 418.
197 192 432 281 SÉNAT
957 342 1638 417 CREANS, 27 Août/27 Septembre 1918
725 455 1208 514 ILS PARTENT TRANQUILLES.
455 487 1376 547 L'EFFORT AMÉRICAIN PENDANT & APRES LA GUERRE
360 525 1501 582 BREST - SAINT-NAZAIRE - LA GARE GIGANTESQUE DE MONTOIR.
358 563 1622 624 L'HOPITAL MODELE DE SAVENAY - LE CAMP D'AVIATION de St-JEAN-de
360 602 1190 655 MONTS.- LES CHAMPS DE TIR de LA SARTHE
417 659 1466 719 LE JOUR DE LA VICTOIRE - LA DIPLOMATIE DE LA PAIX.
805 811 1146 873 Mon cher Butler,
686 977 915 1038 Réinstallé
1329 979 1463 1039 Créans,
1279 1045 1497 1111 Haute-Cour,
1102 1171 1190 1241 Elle
113 1999 921 2063 à Monsieur le Président N.Murray BUTLER.
