1740 2197
459 97 857 168 ma lettre N° 419.
498 313 1272 395 COMMISSION SÉNATORIALE de la MARINE
859 593 1567 640 CONSTANT, Vice-Président rapporteur
860 627 1487 673 de la Commission pour la guerre
915 552 1534 604 Rapport de M.d'ESTOURNELLES de
857 659 1102 706 sous-marine.
322 858 1514 922 IL NOUS RESTE à ORGANISER L'ACCES de NOTRE TERRITOIRE ET LA
674 781 1186 854 NOS COTES BIEN DÉFENDUES,
316 917 1630 988 PÉNÉTRATION DE L'ACTIVITÉ DE NOS ALLIÉS PENDANT &amp; APRES LA GUERRE.
395 1054 1542 1125 LE PORT de ST-NAZAIRE.- . LA GARE GIGANTESQUE AMÉRICAINE
507 1191 1304 1261 LE CAMP d'AVIATION de St-JEAN-de-MONTS.
749 1131 1139 1191 de MONTOIR.
437 1259 1527 1323 LES CHAMPS de TIR AMÉRICAINS.-. LES HOPITAUX, etc...
985 1459 1205 1519 Messieurs,
