1746 2197
925 111 969 166 2
1165 245 1495 294 Des observateurs
1110 314 1454 371 Dotation Carnegie
789 439 903 507 C'est
923 547 1401 600 Affectueusement à vous,
577 807 1575 856 Je ne vous parle pas de vos élections, par discré-
329 847 1478 886 tion. Mais vous savez que nous pensons bien à vous en ce
326 873 1582 922 moment. Le malheur est que nous ne savons trop pour qui faire
331 908 1614 955 des voeux. Une campagne américaine de circonspection n'est pas
331 942 1604 1005 faite naturellement pour passionner les bélligérants Européens
274 1094 393 1168 P.S.-
584 1087 1579 1164 Ce que je dis plus haut, à propos de nos manifes-
335 1136 1557 1188 tations franco-américaines en France, - et j'en pourrais men-
329 1179 1623 1222 tionner bien d'autres, - s'applique naturellement aussi à celles
331 1204 1535 1259 qui se sont organisées aux Etats-Unis, notamment à New-York,
335 1237 1560 1303 soit sur votre initiative, soit à votre exemple, soit d'après
322 1276 1564 1329 nos précédents: exemple, le banquet offert à l'Ambassadeur de
331 1307 1093 1362 France à l'occasion du LA FAYETTE DAY.
588 1369 1570 1433 J'ai vu sans surprise, mais avec plaisir, par vos
329 1406 1575 1461 coupures de journaux et vos envois de revues illustrées si re-
331 1440 1531 1497 marquables, que vous ne vous êtes pas contenté d'agir à New-
335 1466 1516 1532 York et que vous avez su concilier "some political activity
333 1510 1538 1567 with vacation", ce qui est le comble de l'art. Votre grande
335 1541 1551 1600 campagne me semble avoir été belle et bonne à tous les points
331 1567 1507 1642 de vue, particulièrement dans l'Ouest. Je vous félicite et
318 1609 721 1662 même je vous envie.
