1740 2197
190 225 454 313 SÉNAT
869 113 1170 192 LETTRE N° 471.
501 384 1639 459 LES COMPTES ENTRE LA RUE PIERRE-CURIE ET LE Bd St-GERMAIN.
1163 245 1639 316 PARIS, 31 Janvier 1919
666 519 1457 585 AVANT, PENDANT et DEPUIS LA GUERRE
763 455 1415 518 L'OEUVRE DE LA DOTATION CARNEGIE
705 847 1190 911 Je vous envoie ci-joint
963 693 1274 754 Mon cher Butler,
415 1056 1613 1120 M. Paul Appell concernant le chapitre fastidieux des comptes
428 1116 1483 1179 entre la rue Pierre-Curie et le Boulevard St-Germain.
725 1190 884 1241 Dire que
727 1250 906 1307 M. Appell
1450 1248 1644 1314 précieux
719 1589 871 1634 Haskell
560 1644 725 1709 à Appell,
421 1852 1620 1905 Société des Nations tout le concours possible de la Dotation
1073 1713 1412 1770 Ainsi vous serez
424 1916 1538 1977 Carnegie; 2° ,- de fixer à ce concours des limites aussi
1271 1770 1644 1843 1°,-de/prêter à la
197 2074 1150 2132 à Monsieur le Président Nicholas Murray BUTLER.
