1747 2197
183 236 412 316 SÉNAT
877 129 1182 208 LETTRE N° 465.
316 523 1699 604 L'HEURE DE L'INGRATITUDE - LES AMÉRICAINS - NOS RÉGIONS ENVAHIES.
542 388 1408 468 RÉCEPTION du PRÉSIDENT WILSON par le SÉNAT.
1142 258 1611 335 PARIS, 21 Janvier 1919.
569 466 1426 532 .- LA RIVE GAUCHE DU RHIN - LE LUXEMBOURG.-
569 666 1483 734 LES ALLEMANDS PROFITENT DÉJA DE LEUR DÉFAITE.
650 607 1402 670 LES FEMMES & LA SOCIÉTÉ DES NATIONS.
972 827 1300 895 Mon cher Butler,
340 1098 1085 1153 au Sénat, le Président des Etats-Unis.
770 1030 994 1085 Nous avons
842 1301 1089 1354 300 couverts
639 1488 1060 1558 Des Gardes Municipaux
336 1753 1618 1825 étage. Le Président Wilson est arrivé peu après le Président de
194 1918 1151 1984 à Monsieur le Président Nicholas Murray BUTLER.
