1741 2197
912 111 954 175 2
296 252 667 324 Journaux du Matin:
601 346 1546 413 L'Humanité - Le Gaulois - Le Radical - Le
309 415 1605 479 Petit Parisien - Le Petit Journal - Le Matin - Le Journal -
293 481 1561 551 L'Information - L'Oeuvre - L'Homme Enchaîné - Le Figaro -
304 558 903 613 L'Echo de Paris - La Victoire.
595 646 1587 719 Agence Havas - Agence Fournier - Agence Radio.
