1763 2197
868 155 903 234 7
661 292 760 346 Tout
329 558 586 620 Américains !
678 629 819 692 Il sera
663 765 870 825 Je termine,
665 1107 718 1168 Or
339 1233 416 1294 Sans
654 1585 949 1649 J'ai l'honneur
514 1713 1645 1788 "Le Conseil Général considérant que les moyens de commu-
452 1752 1632 1825 nication n'ont jamais été plus nécessaires à l'agriculture,
452 1785 1620 1854 à l'industrie et au comerce français, f/ait appel au Gou-
458 1818 1625 1891 vernement pour que, sans plus de retard, ces moyens soient
465 1852 1632 1920 mis à la disposition du pays et lui permettent de reprendre
458 1885 1557 1951 son rang dans les luttes de la concurrence. Il insiste
452 1920 1651 1991 notamment pour que l'administration ne laisse pas plus long-
448 1953 1610 2024 temps pourri le stock énorme des automobiles américaines
448 1991 709 2043 abandonnées".
1007 2056 1594 2131 d'ESTOURNELLES de CONSTANT .
