1769 2197
829 117 1109 197 LETTRE N° 571.
1096 296 1562 366 PARIS, 13 Octobre 1919.
457 463 1400 527 AUTRES ARGUMENTS POUR SERVIR à la RÉDACTION DE
770 532 1071 596 MON LIVRE SUR :
606 598 1267 660 " LA FAILLITE DE LA GUERRE ".
468 651 1459 726 EXCELLENT DISCOURS DE M.BOURGEOIS.- L'AFFICHAGE.-
373 717 1562 781 LE TRAITÉ DE PAIX EST CRITIQUÉ MAIS VOTÉ PAR LE SÉNAT, POUR
375 761 1571 812 EN FINIR.- M. CLEMENCEAU, DANS UN DE SES DISCOURS LES MEIL-
373 798 1492 842 LEURS, FAIT PAR LE PROCÈS DES DIRIGEANTS, SANS PENSER QU'IL
377 827 1552 891 CONDAMNE TOUS CEUX QUI ONT DÉSIRÉ ou N'ONT PAS SU PRÉVENIR
369 864 589 917 LA GUERRE.
362 955 1558 1021 RÉSUME MON POINT DE VUE: CE QU'ON REPROCHE AU TRAITE N'EST
576 920 1545 981 DANS UN DISCOURS, QU'IL QUALIFIE DE VIRULENT, JE
380 997 998 1054 AUTRE QUE LE FAIT DE LA GUERRE.
906 1147 1232 1219 Mon cher Butler,
646 1292 695 1347 En
311 1347 576 1413 11 de ce mois,
943 1356 1435 1424 Traité de paix. A quand
1344 1290 1606 1360 les 9, 10 et
642 1490 694 1541 La
741 1554 1093 1616 M. Léon Bourgeois
393 1631 712 1680 vous avez. Vous
754 1693 1120 1753 "Journal Officiel".
135 1951 1074 2019 à Monsieur le Président Nicholas Murray BUTLER.
