1743 2197
809 128 1111 210 LETTRE N° 461.
1147 254 1594 331 PARIS, 6 Janvier 1919.
534 487 1395 558 RÉPONSE à VOTRE LETTRE DU 20 DÉCEMBRE 1918.
358 620 1536 693 D'ASSOCIATION FRANCAISE POUR LA SOCIETE DES NATIONS. ......
477 560 1461 626 NOTRE BUDGET DU BUREAU EUROPÉEN POUR 1919-1920
767 697 1111 765 UNE SUGGESTION ?
953 854 1277 920 Mon cher Butler,
347 1096 902 1146 bonne lettre du 20 Décembre.
664 1017 1563 1087 J'ai reçu le 5 de ce mois, assez vite, votre
953 1093 1169 1142 Je l'ai lue
1104 1288 1347 1340 Prudhommeaux
358 1556 1572 1607 çaise de la Société des Nations. Je l'invite à vous adresser
1246 1482 1616 1547 Association Fran-
468 1686 695 1746 Association,
728 1818 1530 1883 M. Léon Bourgeois, assisté de M. Appell,
131 1975 1067 2043 à Monsieur le Président Nicholas Murray BUTLER.
