1766 2197
870 142 1168 208 LETTRE N° 341.
179 201 437 296 SÉNAT
1188 267 1566 351 PARIS, 26 Décembre
457 428 1597 503 TRISTE GAIETÉ.-. L'ORIGINE et les EFFETS de la GUERRE.-.
335 505 1588 574 LES ETERNELLES CAUSES de la GUERE FURENT L'ASSERVISSEMENT des
333 576 1639 642 PEUPLES D'ABORD, LEUR IGNORANCE et LEUR INORGANISATION ENSUITE,
342 640 1645 708 ÉMANCIPÉS, LES PEUPLES ONT FRANCHI de BEAUCOUP LA PLUS LONGUE
335 712 1584 779 LA PLUS DOULOUREUSE ÉTAPE.-. IL NOUS RESTE MAINTENANT à LES
335 778 1648 853 INSTRUIRE et à LES ORGANISER.-. SANS L'ORGANISATION des PEUPLES
569 845 1427 917 PAS de PAIX DURABLE, PAS de PAIX POSSIBLE.
696 1237 835 1309 N° 341.
448 2023 994 2092 Président N.Murray BUTLER.
