1760 2197
849 151 893 210 2
798 269 963 346 Trustees
344 338 875 415 Bureau du Comité Exécutif:
644 422 1481 523 RÉSOLUTION ADOPTÉE par le COMITÉ EXÉCUTIF
873 516 1162 582 1° Avril 1917.
573 686 1463 734 Carnegie pour la Paix Internationale, réunis
811 648 1399 703 Les Directeurs de la Dotation
571 719 1499 768 en Assemblée annuelle à Washington, déclarent
567 752 1622 803 qu'à leur avis, le moyen le plus efficace d'assurer
575 785 1613 842 une paix internationale durable est de poursuivre la
567 818 1512 871 guerre contre le gouvernement impérial allemand
571 851 1545 904 jusqu'à la victoire finale de la démocratie, con-
567 886 1578 950 formément à la politique affirmée par le Président
567 919 882 975 des Etats-Unis.
705 1041 1629 1124 RESOLUTION ADOPTÉE PAR LE BUREAU des TRUSTEES
998 1120 1351 1186 1° Novembre 1917.
750 1233 1629 1318 Les Trustees de la DOTATION CARNEGIE pour la
358 1307 1607 1382 PAIX INTERNATIONALE, réunis en assemblée annuelle à WASHINGTON.
362 1384 1556 1450 les 19-20 Avril dernier, ont adopté à l'unanimité la résolu-
558 1552 1538 1600 pour la Paix International, réunis en Assemblée
838 1501 1613 1570 Les Directeurs de la Dotation Carnegie
545 1587 1496 1640 annuelle à Washington, déclarent qu'à leur avis
565 1620 1582 1669 le moyen le plus efficace d'assurer une paix inter-
567 1655 1567 1699 nationale durable est de poursuivre la guerre con-
567 1688 1540 1735 tre le gouvernement impérial allemand jusqu'à la
565 1726 1534 1766 victoire finale de la démocratie, conformément à
567 1752 1534 1816 la politique affirmée par le Président des Etats-
565 1788 670 1841 Unis.
