1753 2197
908 177 963 236 11
624 366 1073 435 Et ily a là peut-être
386 565 749 631 Duc de Malborough
769 507 948 567 Et c'est
925 1012 1516 1091 Votre affectueusement dévoué,
152 1243 1557 1312 P.S.,- A mon passage à Paris, j'ai vu naturellement Léon Bourgeois,
311 1281 1606 1343 mais je n'ai pu trouver, dans ma hâte de repartir pour la Sarthe,
307 1310 1613 1380 M. Pichon.- Je ne me fais d'ailleurs aucune illusion sur le prix
315 1352 1553 1407 qu'on peut attacher à mes efforts au Quai d'Orsay; je me suis
311 1385 1606 1444 donc borné à écrire à notre ministre la lettre sommaire également
302 1417 1567 1475 ci-jointe en copie. Elle n'a rien de confidentiel pour/vous; il
311 1455 1666 1510 est même nécessaire que vous soyez au courant de ce que vous faisons
305 1484 1617 1541 à Paris pour le succès d'une coopération vraiment sérieuse de nos
305 1519 1619 1585 trois nations au service de la Société des Nations. En deux mots,
307 1554 1067 1603 j'en reviens toujours à ma conviction:
307 1616 1600 1686 faillite et un argument de plus pour les sceptiques; - organisée
540 1590 1547 1642 isolée, la Société des Nations ne sera rien qu'une
307 1656 1412 1722 en participation, elle vivra et pourra sauver le Monde.
402 1805 1058 1876 Président Nicholas Murray BUTLER,
547 1854 718 1918 NEW-YORK.
115 2012 335 2079 2 annexes.
