1745 2197
895 137 930 203 4
351 270 761 340 P.S.- 18 Novembre.
686 388 1591 461 Le Comité de l'ASSOCIATION FRANCAISE POUR LA
364 457 747 538 SOCIÉTÉ DES NATIONS
1012 532 1279 595 Pierre-Curie.
1327 659 1466 723 Comité:
373 803 1534 858 "OVER MILITARY AUTOCRACY. WE MUST NOW UNITED TO BUILT NEW
563 761 1569 822 "SINCERE CONGRATULATIONS UPON VICTORY of FREE MEN
368 838 930 908 "and BETTER WORLD". Butler.
368 995 556 1063 Le Comité
719 933 772 999 Ce
358 1204 1600 1257 "DES NATIONS, REUNI POUR SA PREMIERE SEANCE DANS NOTRE BUREAU,
362 1239 1444 1288 "SOUS LA PRESIDENCE de LEON BOURGEOIS EN PRESENCE DES
563 1158 1629 1221 "LE COMITÉ de l€€ASSOCIATION FRANCAISE POUR LA SOCIÉTÉ
349 1268 1550 1325 "PRESIDENTS d'HONNEUR ET DES MEMBRES du CONSEIL, du CARDINAL
355 1307 1545 1360 "ARCHEVEQUE de PARIS, de M.M. APPELL, Albert THOMAS Charles
355 1338 1631 1389 "RICHET CARNOT André WEISS Général de LACROIX AULARD DOUMER,
355 1371 1609 1426 "RENAUDEL, Henri LAVEDAN, Marcel PREVOST et de NOMBREUX MEMBRES
358 1406 1532 1455 "de l'INSTITUT et du PARLEMENT VOUS PRIENT DE REMERCIER LA
351 1437 1523 1490 "DOTATION CARNEGIE POUR SON CORDIAL ACCUEIL ET SA PRECIEUSE
349 1475 1532 1523 "ASSISTANCE à SA FONDATION. NOTRE MUTUEL ACCORD EST DE BON
346 1503 1428 1565 "AUGURE POUR L'AVENIR." d'Estournelles de Constant.
368 1673 587 1726 Commissions
717 1603 917 1667 Le Comité
838 1653 893 1722 Il
1364 1728 1591 1783 Société des
364 1807 518 1858 Nations
959 1869 1195 1924 l'Allemagne
