1742 2197
937 71 970 124 6
1386 448 1650 507 Etats-Majors
1110 649 1245 708 Conçue
1047 913 1186 975 Verdun
1007 1177 1320 1237 Sir Edward Grey
305 1501 1591 1563 hommes, 500.000 hommes: qu'importe! L'essentiel est ce que nous
626 1431 1635 1510 "Nous prendrons Verdun. Cela nous coûtera 400.000
316 1634 1635 1695 dernier coup. 200.00 Français de moins comptent plus que 500.000
305 1706 1578 1779 Allemands. En effet, chacun de ces 200.000 Français appartient
1064 1569 1186 1629 France
298 1770 1606 1860 à une famille, - tandis que les 500.000 Allemands n'appartiennent
