1724 2197
1172 102 1562 177 ££ ££ ££ ££
628 155 912 232 STATUTS
1315 161 1429 241 ££
729 217 789 276 de
419 276 1463 358 l'UNION DES ASSOCIATIONS POUR LA SOCIÉTÉ DES NATIONS
646 446 1346 525 I - BUT et ORGANISATION de l'UNION
509 514 1601 582 L'Union des Associations pour la Société des Nations a
370 551 1674 616 pour but de réunir, dans une motion concordante, les associations
375 591 1654 651 établies en vue de travailler au progrès des principes consacrés
370 618 1537 686 par le Pacte fondamental de la Société des Nations et d'en
370 657 934 714 poursuivre les applications.
507 714 1617 785 Chaque pays ne sera représenté dans l'Union que par une
366 752 1654 823 seule association qui pourra rassembler autour d'elle les autres
366 789 729 849 groupes nationaux.
501 842 1330 917 Cette Association conserve son autonomie.
498 953 1366 1014 Le siège de l'Union est établi à Bruxelles.
643 995 1652 1060 Les organes de l'Union sont les assemblées pléniè-
366 1017 890 1082 res et le €C€onseil Général.
635 1120 1157 1184 II - ASSEMBLÉES PLENIERES
501 1180 1663 1263 L'Union se réunit en assemblée XXXXXXXX plénière, sur con-
359 1219 923 1281 vocation du Conseil Général.
501 1307 1647 1378 Chaque assemblée plénière fixe le lieu de la réunion sui-
357 1354 1608 1422 vante. A défaut de pareille désignation, le choix est fait par
362 1387 738 1446 le Conseil Général.
494 1475 1399 1552 Chaque assemblée plénière compose son Bureau.
494 1581 1599 1653 Les Assemblées plénières sont constituées par les délé-
353 1623 1581 1684 gués des groupes nationaux. La liste de c es délégués dont le
353 1653 1597 1711 nombre est limité à dix par pays, devra parvenir au secrétaire
351 1686 1659 1750 général au moins quinze jours avant l'ouverture de chaque session
489 1774 1581 1843 Le Conseil Général arrête le programme des questions à
349 1819 1612 1876 soumettre à l'étude des groupes nationaux ainsi qu'aux délibé-
351 1856 1592 1915 rations de l'Assemblée. L'assemblée décide l'ordre dans lequel
351 1883 1590 1957 les questions seront soumises à une épreuve d'étude et de dis-
351 1920 512 1977 cussion.
