960 1280
480 54 505 89 6
772 279 924 329 Etats-Majors
592 411 676 452 Conçue
563 573 640 613 Verdun
531 734 727 775 Sir Edward Grey
119 930 884 982 hommes, 500.000 hommes: qu'importe! L'essentiel est ce que nous
315 892 909 936 "Nous prendrons Verdun. Cela nous coûtera 400.000
119 1010 903 1058 dernier coup. 200.00 Français de moins comptent plus que 500.000
574 973 651 1012 France
120 1045 874 1095 Allemands. En effet, chacun de ces 200.000 Français appartient
121 1086 898 1142 à une famille, - tandis que les 500.000 Allemands n'appartiennent
