480 640
212 45 224 68 2
198 85 248 108 Trustees
61 97 228 133 Bureau du Comité Exécutif:
152 123 402 156 RÉSOLUTION ADOPTÉE par le COMITÉ EXÉCUTIF
214 154 305 179 1° Avril 1917.
201 189 381 211 Les Directeurs de la Dotation
130 204 392 221 Carnegie pour la Paix Internationale, réunis
130 212 406 231 en Assemblée annuelle à Washington, déclarent
132 220 443 242 qu'à leur avis, le moyen le plus efficace d'assurer
131 234 442 252 une paix internationale durable est de poursuivre la
130 246 412 262 guerre contre le gouvernement impérial allemand
133 253 422 271 jusqu'à la victoire finale de la démocratie, con-
132 265 428 293 formément à la politique affirmée par le Président
130 275 219 296 des Etats-Unis.
170 308 438 339 RESOLUTION ADOPTÉE PAR LE BUREAU des TRUSTEES
256 331 358 355 1° Novembre 1917.
181 367 438 393 Les Trustees de la DOTATION CARNEGIE pour la
64 385 433 412 PAIX INTERNATIONALE, réunis en assemblée annuelle à WASHINGTON.
64 407 212 430 les 19-20 Avril dernier
212 442 432 467 Les Directeurs de la Dotation Carnegie
130 458 409 480 pour la Paix International, réunis en Assemblée
131 467 400 484 annuelle à Washington, déclarent qu'à leur avis
133 474 421 492 le moyen le plus efficace d'assurer une paix inter-
130 486 419 502 nationale durable est de poursuivre la guerre con-
131 493 411 511 tre le gouvernement impérial allemand jusqu'à la
130 505 408 523 victoire finale de la démocratie, conformément à
132 513 410 536 la politique affirmée par le Président des Etats-
133 526 168 545 Unis.
