480 640
37 45 112 88 SÉNAT
250 33 346 62 LETTRE N° 341.
350 73 469 105 PARIS, 26 Décembre
83 145 472 174 LES ETERNELLES CAUSES de la GUERE FURENT L'ASSERVISSEMENT des
120 122 476 152 TRISTE GAIETÉ.-. L'ORIGINE et les EFFETS de la GUERRE.-.
83 167 473 195 PEUPLES D'ABORD, LEUR IGNORANCE et LEUR INORGANISATION ENSUITE,
81 210 466 237 LA PLUS DOULOUREUSE ÉTAPE.-. IL NOUS RESTE MAINTENANT à LES
83 186 464 219 ÉMANCIPÉS, LES PEUPLES ONT FRANCHI de BEAUCOUP LA PLUS LONGUE
83 231 477 261 INSTRUIRE et à LES ORGANISER.-. SANS L'ORGANISATION des PEUPLES
156 253 419 282 PAS de PAIX DURABLE, PAS de PAIX POSSIBLE.
192 374 237 397 N° 341.
117 602 275 631 Président N.Murray BUTLER.
