1920 2560
484 36 870 123 ma lettre N° 419.
480 264 1331 390 COMMISSION SÉNATORIALE de la MARINE
859 586 1632 674 CONSTANT, Vice-Président rapporteur
915 550 1595 625 Rapport de M.d'ESTOURNELLES de
864 640 1568 712 de la Commission pour la guerre
874 674 1141 725 sous-marine.
650 789 1216 898 NOS COTES BIEN DÉFENDUES,
249 853 1572 979 IL NOUS RESTE à ORGANISER L'ACCES de NOTRE TERRITOIRE ET LA
256 936 1704 1070 PÉNÉTRATION DE L'ACTIVITÉ DE NOS ALLIÉS PENDANT &amp; APRES LA GUERRE.
328 1094 1621 1233 LE PORT de ST-NAZAIRE.- . LA GARE GIGANTESQUE AMÉRICAINE
725 1196 1149 1271 de MONTOIR.
458 1248 1350 1350 LE CAMP d'AVIATION de St-JEAN-de-MONTS.
366 1326 1600 1440 LES CHAMPS de TIR AMÉRICAINS.-. LES HOPITAUX, etc...
977 1568 1248 1644 Messieurs,
