1920 2560
202 177 494 279 SÉNAT
949 104 1314 215 LETTRE N° 418.
1107 343 1907 509 CREANS, 27 Août/27 Septembre 1918
396 578 1728 672 BREST - SAINT-NAZAIRE - LA GARE GIGANTESQUE DE MONTOIR.
405 637 1905 744 L'HOPITAL MODELE DE SAVENAY - LE CAMP D'AVIATION de St-JEAN-de
516 539 1617 633 L'EFFORT AMÉRICAIN PENDANT &amp; APRES LA GUERRE
834 501 1414 593 ILS PARTENT TRANQUILLES.
396 680 1358 759 MONTS.- LES CHAMPS DE TIR de LA SARTHE
462 738 1715 889 LE JOUR DE LA VICTOIRE - LA DIPLOMATIE DE LA PAIX.
925 940 1322 1021 Mon cher Butler,
780 1120 1047 1211 Réinstallé
1495 1228 1762 1320 Haute-Cour,
1550 1143 1713 1228 Créans,
1267 1380 1390 1463 Elle
87 2314 1034 2421 à Monsieur le Président N.Murray BUTLER.
