960 1280
496 1 520 29 2
664 87 892 139 Des observateurs
624 138 867 184 Dotation Carnegie
396 224 470 267 C'est
481 297 824 356 Affectueusement à vous,
224 483 955 533 Je ne vous parle pas de vos élections, par discré-
48 533 949 581 moment. Le malheur est que nous ne savons trop pour qui faire
50 506 889 553 tion. Mais vous savez que nous pensons bien à vous en ce
42 557 955 605 des voeux. Une campagne américaine de circonspection n'est pas
48 581 955 635 faite naturellement pour passionner les bélligérants Européens
4 698 88 750 P.S.-
234 702 948 748 Ce que je dis plus haut, à propos de nos manifes-
46 727 934 773 tations franco-américaines en France, - et j'en pourrais men-
43 803 935 850 soit sur votre initiative, soit à votre exemple, soit d'après
45 780 920 824 qui se sont organisées aux Etats-Unis, notamment à New-York,
50 756 945 800 tionner bien d'autres, - s'applique naturellement aussi à cell
46 826 945 871 nos précédents: exemple, le banquet offert à l'Ambassadeur de
48 854 608 899 France à l'occasion du LA FAYETTE DAY.
38 926 949 971 coupures de journaux et vos envois de revues illustrées si re-
230 902 948 949 J'ai vu sans surprise, mais avec plaisir, par vos
39 954 921 997 marquables, que vous ne vous êtes pas contenté d'agir à New-
36 1003 928 1048 with vacation", ce qui est le comble de l'art. Votre grande
41 979 914 1020 York et que vous avez su concilier "some political activity
38 1029 937 1069 campagne me semble avoir été belle et bonne à tous les points
32 1073 332 1115 même je vous envie.
39 1051 909 1104 de vue, partiuclièrement dans l'Ouest. Je vous félicite et
