960 1280
38 49 601 105 points de votre lettre du 24 Avril.
370 99 829 156 Votre affectueusement dévoué,
35 227 371 290 Monsieur le Président
64 283 344 347 N. Murray BUTLER,
172 350 325 409 NEW-YORK.
39 436 949 507 P.S.-  Je vous envoie plusieurs exemplaires de la second
56 481 937 523 partie de cette lettre, si vous croyez devoir la communi-
56 507 935 550 quer à plusieurs de nos amis, par exemple à Robert Bacon,
55 532 903 583 lequel ne m'a pas non plus donné signe de vie depuis la
64 581 949 631 le déluge d'attaque dont j'ai été l'objet, au début de la
60 631 958 677 clientèle. Qu'il ne se fasse pas illusion, la France toute
64 611 905 652 guerre, dans des journaux comme le "Figaro" et parmi sa
62 659 942 714 entière est maintenant contre ces infâmes journaux. C'est
64 690 531 745 un mauvais vent qui est passé.
