<?xml version="1.0" encoding="UTF-8"  standalone="yes"?>
<PcGts xmlns="http://schema.primaresearch.org/PAGE/gts/pagecontent/2019-07-15" xmlns:xsi="http://www.w3.org/2001/XMLSchema-instance" xsi:schemaLocation="http://schema.primaresearch.org/PAGE/gts/pagecontent/2019-07-15 http://schema.primaresearch.org/PAGE/gts/pagecontent/2019-07-15/pagecontent.xsd">
  <Metadata>
	<Creator>escriptorium</Creator>
	<Created>2021-03-18T09:46:09.500956+00:00</Created>
    <LastChange>2021-03-18T09:46:09.500977+00:00</LastChange>
  </Metadata>
  <Page imageFilename="P1150482.JPG" imageWidth="960" imageHeight="1280">

    

    
    <TextRegion id="eSc_dummyblock_">
    
    
      <TextLine id="eSc_line_154988" >
        <Coords points="244,27 245,18 270,23 284,9 297,14 306,10 322,22 341,5 352,16 358,12 368,20 377,11 392,18 401,16 404,29 400,40 379,51 365,40 347,50 339,50 331,42 321,52 307,48 300,54 295,49 286,52 268,43 245,42"/>
        <Baseline points="245,28 405,30"/>
        <TextEquiv>
          <Unicode>££ma££ ££lettre££ ££N°££ ££140££</Unicode>
        </TextEquiv>
      </TextLine>

    
    
      <TextLine id="eSc_line_154952" >
        <Coords points="445,35 451,24 493,19 498,24 518,21 541,39 537,64 504,62 498,69 478,64 472,70 461,66 454,73 445,69"/>
        <Baseline points="446,36 542,40"/>
        <TextEquiv>
          <Unicode>COPIE.</Unicode>
        </TextEquiv>
      </TextLine>

    
    
      <TextLine id="eSc_line_154953" >
        <Coords points="558,114 563,86 580,98 590,99 604,91 625,99 635,109 652,97 685,103 699,96 708,103 720,94 733,108 755,96 762,102 775,103 806,96 814,102 825,99 836,104 854,101 865,105 878,100 886,105 891,103 893,119 886,138 878,131 835,135 813,122 806,129 791,130 732,128 728,123 720,129 696,129 682,117 674,125 664,126 648,125 642,119 628,133 617,123 560,129"/>
        <Baseline points="559,115 894,120"/>
        <TextEquiv>
          <Unicode>BALE, le 18 AVril 1916.</Unicode>
        </TextEquiv>
      </TextLine>

    
    
      <TextLine id="eSc_line_154954" >
        <Coords points="594,142 596,124 618,124 629,134 641,122 660,128 677,128 682,122 697,129 816,128 842,142 832,161 806,156 796,163 779,154 738,158 721,153 634,153 630,149 604,156 596,150"/>
        <Baseline points="595,143 843,143"/>
        <TextEquiv>
          <Unicode>43 Steinengraben,</Unicode>
        </TextEquiv>
      </TextLine>

    
    
      <TextLine id="eSc_line_154955" >
        <Coords points="198,226 202,206 209,212 218,208 228,214 289,209 323,219 336,212 363,215 402,210 408,216 416,211 422,215 451,211 466,217 488,214 498,222 522,209 533,215 560,218 567,212 576,219 624,215 634,219 641,214 673,218 694,210 709,219 715,215 722,219 728,214 732,218 750,214 759,218 771,211 778,217 795,216 808,222 817,214 823,217 836,212 842,218 878,218 893,234 889,258 869,250 856,260 837,253 829,256 823,250 814,254 807,249 795,256 788,249 775,253 760,245 742,253 732,248 718,250 711,244 705,248 691,243 626,241 604,247 535,244 528,237 512,250 494,237 473,252 459,240 449,245 436,243 429,248 424,243 394,244 386,250 365,232 345,244 324,238 311,248 306,245 299,249 291,241 200,245"/>
        <Baseline points="199,227 894,235"/>
        <TextEquiv>
          <Unicode>Monsieur le Sénateur d&#39;Estournelles de Constant,</Unicode>
        </TextEquiv>
      </TextLine>

    
    
      <TextLine id="eSc_line_154956" >
        <Coords points="618,254 620,243 691,244 706,253 717,254 715,282 693,272 674,282 654,272 620,273"/>
        <Baseline points="619,255 718,255"/>
        <TextEquiv>
          <Unicode>PARIS.</Unicode>
        </TextEquiv>
      </TextLine>

    
    
      <TextLine id="eSc_line_154957" >
        <Coords points="24,341 30,322 37,327 60,326 66,331 83,330 90,323 99,330 122,325 147,337 157,328 179,329 192,339 202,328 212,328 217,323 240,331 256,330 262,325 301,331 309,326 316,332 328,333 330,341 328,361 324,362 283,355 277,359 258,356 242,363 228,360 205,364 189,348 173,364 147,350 136,358 106,357 92,362 87,358 76,362 70,358 26,357"/>
        <Baseline points="25,342 331,342"/>
        <TextEquiv>
          <Unicode>Monsieur le Sénateur,</Unicode>
        </TextEquiv>
      </TextLine>

    
    
      <TextLine id="eSc_line_154958" >
        <Coords points="314,386 316,373 325,371 331,376 340,370 352,370 362,378 384,372 413,377 421,372 448,381 456,376 467,379 472,375 498,374 510,387 522,376 540,380 568,377 577,384 589,379 609,382 618,377 630,386 660,372 685,379 707,374 715,382 726,377 733,382 742,379 752,386 765,386 780,371 808,372 825,389 844,380 852,385 868,381 876,387 893,387 901,381 912,390 914,401 904,413 888,417 868,411 841,413 829,403 819,411 805,412 793,412 784,402 773,411 700,412 663,409 657,404 637,411 624,401 615,408 576,408 565,407 553,395 540,408 517,406 509,400 498,409 453,402 315,404"/>
        <Baseline points="315,387 915,402"/>
        <TextEquiv>
          <Unicode>Permettez-moi de vous f/éliciter de votre</Unicode>
        </TextEquiv>
      </TextLine>

    
    
      <TextLine id="eSc_line_154959" >
        <Coords points="16,416 22,402 56,398 77,403 101,398 128,409 144,397 152,402 164,397 170,402 186,396 199,406 215,398 243,408 258,398 279,403 300,396 310,404 364,403 374,409 386,402 408,406 441,406 452,402 483,405 492,412 509,402 536,413 551,403 601,409 622,406 638,416 653,407 685,408 697,417 708,410 788,408 826,417 835,411 875,412 892,425 868,440 859,436 838,437 828,430 819,438 754,434 736,437 706,435 698,429 691,434 654,435 638,427 630,434 558,433 545,432 535,424 528,429 504,430 491,422 480,429 429,432 389,428 375,420 352,429 308,425 251,428 244,423 228,430 201,419 189,427 138,428 126,421 118,427 91,426 83,430 19,426"/>
        <Baseline points="16,416 893,426"/>
        <TextEquiv>
          <Unicode>article dans la Nouvelle Gazette de Zurich qui montrera une</Unicode>
        </TextEquiv>
      </TextLine>

    
    
      <TextLine id="eSc_line_154960" >
        <Coords points="17,440 20,427 27,426 75,427 83,433 94,426 119,426 129,433 153,426 208,424 228,435 242,426 277,427 286,434 307,426 350,430 357,426 420,428 436,434 442,429 481,430 492,424 501,430 537,427 545,433 586,433 595,438 603,433 630,433 636,428 653,436 715,433 732,435 742,442 752,436 776,436 786,442 797,436 820,437 829,430 837,436 858,437 869,444 888,433 905,437 932,434 946,450 936,464 914,467 883,465 872,457 865,462 844,462 830,456 800,466 784,455 755,464 742,455 732,459 657,457 641,464 630,457 596,451 582,457 545,455 536,459 517,453 482,453 457,455 449,460 430,451 387,451 376,456 345,457 321,451 295,452 286,445 273,453 247,455 229,448 212,455 199,446 192,452 137,455 123,448 91,451 83,445 66,453 20,451"/>
        <Baseline points="18,441 947,451"/>
        <TextEquiv>
          <Unicode>fois de plus à mes collègues pacifistes allemands ce qu&#39;il faut</Unicode>
        </TextEquiv>
      </TextLine>

    
    
      <TextLine id="eSc_line_154961" >
        <Coords points="21,466 23,451 76,452 83,456 91,451 133,455 190,452 209,461 227,449 241,458 253,453 292,451 337,454 347,460 359,453 382,455 392,451 436,454 448,462 458,454 474,453 506,458 524,455 535,462 546,456 584,456 594,461 602,457 630,458 640,465 652,457 721,461 745,458 757,467 777,457 787,458 798,468 810,460 876,460 889,475 882,484 868,487 810,487 798,478 790,484 766,485 755,476 742,485 717,487 649,483 637,474 617,483 603,483 593,475 581,483 555,480 545,485 534,477 504,481 477,474 466,480 446,473 438,480 423,481 402,478 390,472 380,480 364,481 344,471 333,478 309,476 299,481 293,476 251,477 244,472 235,478 225,478 213,473 200,483 186,475 166,475 158,481 93,476 83,469 67,477 23,477"/>
        <Baseline points="22,467 890,476"/>
        <TextEquiv>
          <Unicode>leur montrer, à savoir qu&#39;ils n&#39;ont pas le courage de leurs</Unicode>
        </TextEquiv>
      </TextLine>

    
    
      <TextLine id="eSc_line_154962" >
        <Coords points="17,491 19,477 70,477 84,471 91,476 116,476 125,482 145,477 156,485 171,476 188,476 200,484 212,475 234,477 244,472 250,477 291,477 300,485 311,477 346,475 372,486 390,474 402,480 524,480 537,487 552,481 570,481 580,488 592,481 618,484 637,477 647,483 705,485 714,492 748,483 759,488 769,484 848,486 859,493 870,486 899,483 903,500 892,510 870,512 858,503 839,513 806,508 784,512 762,506 732,512 712,502 699,509 667,509 661,505 618,507 611,502 590,507 580,500 572,505 545,505 536,499 523,506 454,502 441,506 434,501 386,503 376,496 354,504 309,501 300,494 278,504 253,503 244,498 217,504 198,494 171,502 157,494 145,502 128,498 99,503 32,504 20,499"/>
        <Baseline points="18,492 904,501"/>
        <TextEquiv>
          <Unicode>opinion/s et qu&#39;ils sont incapables de s&#39;élever au-dessus de</Unicode>
        </TextEquiv>
      </TextLine>

    
    
      <TextLine id="eSc_line_154963" >
        <Coords points="13,507 16,499 29,504 46,500 88,502 98,507 108,500 145,501 155,493 168,502 196,496 225,508 243,499 278,504 291,498 365,503 373,508 384,502 434,502 441,507 452,502 470,506 513,505 526,513 550,504 581,509 609,503 619,508 659,506 667,513 677,507 715,507 729,515 741,508 778,509 787,516 804,508 832,509 843,515 855,507 868,513 913,510 919,506 939,513 944,528 938,538 853,536 843,529 836,534 798,536 785,528 744,539 727,528 717,534 696,531 677,535 668,529 659,534 614,529 602,533 578,524 553,533 539,523 525,531 512,531 491,526 389,528 376,520 363,529 326,531 307,525 232,525 226,521 201,528 181,529 158,522 114,528 99,518 84,526 44,522 16,525"/>
        <Baseline points="14,508 945,528"/>
        <TextEquiv>
          <Unicode>leurs intérêts matériels immédiats. Ce n&#39;est pas que des hommes</Unicode>
        </TextEquiv>
      </TextLine>

    
    
      <TextLine id="eSc_line_154964" >
        <Coords points="13,538 16,526 45,524 92,529 103,522 137,532 146,525 160,524 173,525 190,535 206,524 247,529 274,524 284,532 292,526 320,526 330,535 340,529 365,529 379,523 394,529 438,530 491,526 529,531 537,526 551,536 579,526 608,536 625,530 652,538 667,531 677,536 728,529 744,541 757,533 788,538 837,535 845,541 865,534 921,538 934,548 924,558 910,563 856,562 844,553 835,558 800,560 788,551 771,560 755,560 744,553 736,558 666,560 652,551 628,557 610,549 600,555 577,554 563,562 549,552 519,557 510,553 457,555 409,551 348,554 328,545 308,552 283,547 266,554 206,551 198,545 187,551 174,549 165,553 146,551 136,545 104,553 90,544 80,551 17,550"/>
        <Baseline points="14,539 935,549"/>
        <TextEquiv>
          <Unicode>comme le Dr. Fried ne comprendraient pas le point de vue fran-</Unicode>
        </TextEquiv>
      </TextLine>

    
    
      <TextLine id="eSc_line_154965" >
        <Coords points="11,560 19,550 53,548 104,561 133,547 156,550 167,556 195,548 203,552 258,550 268,557 284,551 314,553 330,545 340,552 376,552 381,556 448,551 462,561 471,555 509,553 519,561 530,553 552,554 565,564 580,554 602,555 609,550 619,557 690,557 698,564 712,556 736,558 743,564 752,558 788,556 803,567 814,558 837,560 845,553 856,561 881,561 892,570 880,585 818,587 802,577 790,585 750,584 742,578 732,584 716,583 697,574 689,581 657,585 602,579 583,582 565,570 545,581 532,580 520,571 509,579 483,582 461,572 433,581 421,577 375,581 320,577 292,578 281,583 267,571 261,576 200,578 167,570 160,576 129,577 101,562 83,573 27,578 13,574"/>
        <Baseline points="12,561 893,571"/>
        <TextEquiv>
          <Unicode>çais. Ils savent parfaitement que le triomphe de nos idées</Unicode>
        </TextEquiv>
      </TextLine>

    
    
      <TextLine id="eSc_line_154966" >
        <Coords points="11,585 13,576 94,571 101,576 153,576 164,582 188,576 209,582 217,576 258,578 266,572 282,583 293,577 345,577 364,578 374,585 394,578 422,578 433,585 462,573 480,582 506,579 521,587 567,572 580,582 629,581 640,587 661,582 690,583 696,579 724,584 777,583 798,597 806,597 826,583 860,583 888,593 905,582 928,586 932,599 928,612 898,610 888,603 878,610 825,610 808,598 791,610 758,608 746,612 714,606 654,610 636,598 612,608 554,603 532,606 519,598 505,605 469,604 461,599 453,604 439,604 429,596 417,603 400,602 392,606 372,597 360,604 308,603 284,594 274,601 228,604 206,596 186,602 172,602 165,597 157,601 117,598 107,603 58,598 14,602"/>
        <Baseline points="12,586 933,600"/>
        <TextEquiv>
          <Unicode>pacifistes ne peut venir que d&#39;une défaite allemande. Mais en</Unicode>
        </TextEquiv>
      </TextLine>

    
    
      <TextLine id="eSc_line_154967" >
        <Coords points="9,612 12,602 41,598 94,601 104,606 118,598 163,606 181,601 230,604 265,599 282,609 296,601 342,601 356,609 370,602 387,606 398,602 489,602 506,613 520,603 585,608 642,603 653,613 690,606 698,613 714,608 732,609 743,615 753,609 866,612 887,605 925,612 931,626 923,635 824,633 801,638 741,629 728,634 710,633 697,626 668,635 654,628 624,634 516,631 505,622 494,630 365,629 356,621 346,628 300,629 283,618 256,630 217,625 199,628 188,624 176,632 161,621 154,626 114,627 105,620 97,626 23,625 11,629"/>
        <Baseline points="10,613 932,627"/>
        <TextEquiv>
          <Unicode>public ils parlent tout autrement craignant de se compromettre</Unicode>
        </TextEquiv>
      </TextLine>

    
    
      <TextLine id="eSc_line_154968" >
        <Coords points="10,637 13,627 24,625 90,625 106,633 121,626 157,625 177,632 190,625 204,633 224,626 243,628 252,634 282,622 302,629 333,630 358,624 378,630 421,628 432,634 445,627 468,631 555,631 567,638 583,631 613,632 624,637 634,631 653,630 667,638 679,633 770,632 787,641 793,636 836,635 845,642 858,634 899,638 936,633 942,637 946,651 937,662 857,661 845,652 834,660 812,663 795,662 785,654 764,660 705,656 679,662 662,653 633,658 624,651 614,657 578,658 564,648 549,657 499,658 483,653 456,657 433,649 425,654 391,657 350,650 339,657 333,652 304,656 297,651 260,652 253,648 234,656 210,645 199,652 186,652 179,647 170,652 139,649 116,653 104,645 94,651 13,650"/>
        <Baseline points="11,638 947,652"/>
        <TextEquiv>
          <Unicode>devant ceux à la disparition desquels ils ne peuvent pas encore</Unicode>
        </TextEquiv>
      </TextLine>

    
    
      <TextLine id="eSc_line_154969" >
        <Coords points="10,663 13,650 90,649 120,664 142,649 200,653 211,648 246,663 262,652 308,656 325,651 341,658 350,651 372,653 385,660 396,653 437,653 459,661 482,653 505,662 522,654 568,654 578,660 610,656 624,664 657,657 669,665 695,657 747,657 789,659 816,667 828,659 843,657 859,665 866,661 923,661 932,667 950,659 955,675 948,686 931,680 920,688 875,690 855,681 841,685 816,681 796,686 753,686 737,680 729,685 680,684 667,676 653,683 633,683 625,678 617,683 582,678 554,683 516,680 505,673 480,681 461,675 445,681 393,680 384,674 373,680 356,680 341,673 333,678 268,680 250,674 234,682 226,677 144,676 129,665 109,676 13,675"/>
        <Baseline points="11,664 956,676"/>
        <TextEquiv>
          <Unicode>croire. Demain, quand le sort de ceux-ci se dessinera de plus e</Unicode>
        </TextEquiv>
      </TextLine>

    
    
      <TextLine id="eSc_line_154970" >
        <Coords points="10,688 12,675 65,675 77,682 97,674 125,677 135,670 146,677 221,677 247,688 261,678 277,676 309,684 339,677 382,684 462,677 500,682 566,681 579,689 590,681 604,681 624,690 643,681 674,682 683,689 698,683 725,688 738,679 756,692 774,684 850,685 862,694 882,686 909,688 916,692 935,683 955,688 958,702 950,713 940,714 931,714 918,706 908,711 877,714 859,705 849,711 833,712 789,709 773,713 760,707 738,710 727,702 717,709 695,710 684,701 669,710 636,710 626,705 590,707 580,699 567,708 476,704 424,708 394,704 387,698 361,706 325,702 314,695 286,707 263,704 253,697 243,704 161,704 134,699 116,705 85,701 75,694 64,700 13,702"/>
        <Baseline points="11,689 959,703"/>
        <TextEquiv>
          <Unicode>plus clairement, ils vous approuveront au fur et à mesure que le</Unicode>
        </TextEquiv>
      </TextLine>

    
    
      <TextLine id="eSc_line_154971" >
        <Coords points="4,712 7,702 70,698 107,701 117,708 134,699 154,701 162,707 170,700 197,701 205,708 219,701 249,701 272,704 282,710 292,704 318,699 354,706 389,701 425,708 449,705 459,711 476,704 566,709 581,700 599,709 656,708 680,721 689,721 709,708 761,709 772,714 779,710 804,711 814,716 837,710 876,715 910,710 924,726 920,738 915,739 825,736 816,729 801,739 784,738 770,728 759,736 716,737 692,723 673,736 601,731 585,737 557,731 513,737 488,730 470,731 462,726 439,732 323,727 296,733 282,723 244,730 218,729 205,720 180,729 163,721 147,729 118,720 107,727 77,728 6,723"/>
        <Baseline points="5,713 925,727"/>
        <TextEquiv>
          <Unicode>risques de le dire ouvertement disparaîtront. Pour le moment,</Unicode>
        </TextEquiv>
      </TextLine>

    
    
      <TextLine id="eSc_line_154972" >
        <Coords points="7,734 9,726 21,725 52,725 71,730 123,725 147,732 165,722 174,728 197,725 241,728 248,733 260,726 283,727 295,734 302,729 323,727 361,730 371,737 381,730 450,729 459,737 484,730 515,737 554,731 577,734 586,742 602,731 621,740 631,734 688,733 699,741 709,736 743,733 792,738 801,743 820,732 840,738 921,740 934,734 948,736 954,738 958,750 954,763 947,765 899,764 885,758 875,763 811,761 802,755 786,763 766,759 708,761 697,753 669,761 632,759 624,754 603,760 596,755 578,765 568,758 551,756 536,763 519,764 506,757 305,757 295,750 273,756 253,750 240,755 158,754 149,747 137,753 85,753 74,745 42,753 9,747"/>
        <Baseline points="8,735 959,751"/>
        <TextEquiv>
          <Unicode>vous nous faites le plus grand plaisir, à nous autres démocrates</Unicode>
        </TextEquiv>
      </TextLine>

    
    
      <TextLine id="eSc_line_154973" >
        <Coords points="9,760 11,750 34,749 45,757 73,745 82,752 123,754 149,747 161,754 195,752 233,759 248,753 275,756 296,752 306,758 344,753 359,755 372,764 394,755 465,760 497,757 512,759 529,770 548,756 567,759 578,766 592,757 616,760 624,756 631,760 660,760 668,768 699,756 714,762 748,763 762,759 784,765 803,757 810,762 848,761 872,766 889,760 909,770 914,779 887,789 873,782 865,789 836,789 798,785 789,778 773,787 749,786 742,780 726,787 679,787 667,778 654,785 632,784 621,788 611,781 592,784 578,774 553,786 536,777 520,785 462,785 436,779 413,786 389,779 378,781 370,775 342,782 285,778 266,785 259,779 241,784 231,776 161,779 97,775 83,782 45,769 33,776 11,775"/>
        <Baseline points="10,761 915,780"/>
        <TextEquiv>
          <Unicode>et républicains positifs allemands, de venir dire de temps à</Unicode>
        </TextEquiv>
      </TextLine>

    
    
      <TextLine id="eSc_line_154974" >
        <Coords points="9,786 11,776 37,776 43,772 73,775 85,785 98,776 147,777 163,784 185,776 225,778 237,788 253,780 265,787 276,779 330,779 341,786 348,780 388,780 411,790 424,781 450,782 458,789 482,780 525,782 541,792 563,782 596,786 611,781 621,789 635,782 646,787 734,786 743,790 791,782 818,785 828,792 853,788 861,793 871,787 885,789 907,782 916,800 912,813 870,813 859,806 846,814 828,809 806,816 788,807 780,812 762,813 744,805 723,814 705,808 638,813 621,804 614,809 568,810 550,803 532,814 524,809 467,807 461,803 452,808 429,808 414,802 402,809 378,807 358,813 342,802 326,808 275,805 266,798 256,805 242,805 234,800 227,805 176,805 161,796 151,803 100,804 85,793 61,803 12,801"/>
        <Baseline points="10,787 917,801"/>
        <TextEquiv>
          <Unicode>autre leur fait à ceux qui, au fond, sont heureux qu&#39;il y ait</Unicode>
        </TextEquiv>
      </TextLine>

    
    
      <TextLine id="eSc_line_154975" >
        <Coords points="3,812 6,803 13,800 48,801 58,807 72,798 89,797 100,804 151,804 161,797 171,805 202,802 242,806 265,800 273,805 331,808 341,802 363,818 378,808 404,809 413,803 435,809 521,809 532,816 548,806 588,811 624,806 638,817 654,810 711,809 727,817 744,809 761,813 786,811 801,820 826,811 840,816 852,812 859,819 868,813 924,810 930,826 924,838 877,841 861,829 819,840 804,834 794,839 754,834 742,839 729,832 722,837 700,839 691,835 647,837 636,828 627,835 608,836 584,830 544,834 535,827 509,836 487,834 475,827 464,835 394,832 378,836 368,828 354,834 340,825 326,833 289,828 279,833 216,827 178,829 164,825 134,830 80,829 61,816 44,827 6,826"/>
        <Baseline points="4,813 931,827"/>
        <TextEquiv>
          <Unicode>des &quot;jusqu&#39;auboutistes&quot;, puisqu&#39;ils savent aussi bien que vous</Unicode>
        </TextEquiv>
      </TextLine>

    
    
      <TextLine id="eSc_line_154976" >
        <Coords points="3,839 9,826 29,825 40,832 53,823 72,824 99,836 112,827 146,827 157,834 167,828 203,833 215,827 241,833 265,830 278,837 290,829 315,832 324,837 339,827 353,834 371,832 378,836 402,832 414,838 433,833 458,840 472,830 506,836 520,833 534,840 544,834 584,830 601,837 629,835 638,841 647,836 688,835 700,842 727,834 741,841 752,835 773,836 787,844 802,836 821,840 861,835 875,844 887,838 928,838 934,853 922,866 894,868 874,858 865,864 841,860 833,865 800,864 789,856 772,866 753,864 742,856 732,861 708,861 697,854 653,868 635,854 610,861 576,855 566,860 544,859 534,854 524,860 483,857 473,864 458,853 449,858 421,858 411,852 389,859 354,859 326,852 316,858 299,857 281,850 272,856 232,857 214,854 203,846 180,856 161,850 147,856 116,855 102,849 91,854 41,848 30,853 6,851"/>
        <Baseline points="4,840 935,854"/>
        <TextEquiv>
          <Unicode>et moi que le bien du monde ne peut naître que de la chute des</Unicode>
        </TextEquiv>
      </TextLine>

    
    
      <TextLine id="eSc_line_154977" >
        <Coords points="2,864 5,853 17,850 90,854 103,850 110,855 131,853 145,859 154,853 193,854 204,862 219,853 259,858 291,854 341,856 354,865 365,857 401,856 413,866 428,856 437,859 457,853 473,865 484,858 524,859 534,865 540,859 567,861 576,856 595,860 641,859 653,870 664,862 680,860 763,862 772,869 786,860 820,864 830,869 843,860 866,862 880,875 869,890 845,891 830,883 818,891 787,890 772,882 759,890 740,892 708,887 682,892 663,889 651,881 642,888 626,890 600,886 555,887 549,891 532,878 516,890 509,886 486,888 472,877 455,884 422,884 413,877 403,884 387,885 353,877 337,885 308,883 294,876 265,889 253,882 212,883 203,876 190,884 164,884 145,872 105,882 81,876 4,877"/>
        <Baseline points="3,865 881,876"/>
        <TextEquiv>
          <Unicode>dynasties qui jusqu&#39;ici ont été les maîtres absolus sur la</Unicode>
        </TextEquiv>
      </TextLine>

    
    
      <TextLine id="eSc_line_154978" >
        <Coords points="2,891 5,878 90,877 100,887 113,877 133,878 142,887 155,878 163,884 181,882 187,888 201,878 211,883 235,880 256,883 264,891 277,881 326,882 337,890 354,878 373,884 382,892 394,883 465,883 480,896 474,910 439,909 430,915 421,909 395,909 382,898 371,908 356,912 337,899 327,907 308,905 281,914 262,900 236,916 228,907 196,914 186,904 162,910 144,899 132,907 121,903 108,905 98,894 78,908 74,904 61,904 54,909 45,904 3,907"/>
        <Baseline points="3,892 481,896"/>
        <TextEquiv>
          <Unicode>guerre et la paix dans le monde.</Unicode>
        </TextEquiv>
      </TextLine>

    
    
      <TextLine id="eSc_line_154979" >
        <Coords points="297,917 309,906 342,906 356,914 373,908 384,899 395,908 419,908 428,919 441,910 512,909 522,901 531,908 555,907 566,919 581,918 594,906 605,903 626,917 654,905 664,915 674,916 697,906 706,912 715,903 729,913 752,913 762,906 781,913 787,919 806,906 812,912 824,910 833,920 841,913 858,909 894,910 912,928 898,939 851,940 833,926 816,939 797,939 787,930 779,937 752,935 741,940 696,936 686,941 675,940 665,930 659,936 633,938 621,929 593,944 570,922 563,922 549,936 444,935 427,924 418,933 390,932 385,937 362,935 353,924 339,935 308,935 298,930"/>
        <Baseline points="298,918 913,929"/>
        <TextEquiv>
          <Unicode>Par même courrier, je me permets de vous</Unicode>
        </TextEquiv>
      </TextLine>

    
    
      <TextLine id="eSc_line_154980" >
        <Coords points="4,942 7,924 17,929 26,922 41,929 65,923 72,928 82,923 88,928 107,925 129,933 139,926 162,928 172,936 187,930 211,931 217,926 224,931 242,925 249,932 263,929 273,934 294,928 337,939 356,930 381,938 391,933 418,935 425,940 440,933 501,937 537,934 561,939 580,936 592,944 620,932 632,937 670,937 677,941 696,936 732,938 742,945 755,937 776,937 787,942 793,938 836,937 848,945 857,938 913,940 930,934 952,938 956,955 949,969 876,963 860,967 850,960 841,965 808,965 787,957 774,965 753,965 741,957 721,966 681,963 669,967 631,961 604,964 595,958 572,964 563,960 513,960 504,964 438,961 429,955 422,961 394,961 380,952 354,964 336,953 325,960 312,956 294,962 274,957 244,962 235,957 182,956 176,952 167,957 140,955 128,947 108,956 7,953"/>
        <Baseline points="5,943 957,956"/>
        <TextEquiv>
          <Unicode>adresser un exemplaire de la tradition française de mon dernier</Unicode>
        </TextEquiv>
      </TextLine>

    
    
      <TextLine id="eSc_line_154981" >
        <Coords points="3,964 5,952 107,957 134,951 149,956 193,955 217,964 228,957 274,957 291,967 305,957 336,955 352,966 379,956 393,961 497,961 503,965 510,961 586,961 600,971 618,962 698,964 714,971 738,962 760,964 771,970 786,963 850,963 862,971 875,964 910,965 925,968 930,976 925,987 917,992 897,987 884,993 864,983 853,990 787,990 771,981 762,987 742,987 734,993 714,982 698,993 661,987 635,993 619,989 598,974 568,987 544,988 513,987 504,980 492,986 464,988 371,986 354,981 341,986 302,983 295,978 276,988 253,982 227,983 217,977 186,986 171,980 123,981 117,977 89,981 6,980"/>
        <Baseline points="4,965 931,977"/>
        <TextEquiv>
          <Unicode>livre: &quot;Gerade weil ich Deutscher bin!&quot; Encore que cette tra-</Unicode>
        </TextEquiv>
      </TextLine>

    
    
      <TextLine id="eSc_line_154982" >
        <Coords points="2,992 6,980 53,978 105,981 115,987 123,981 162,980 187,990 220,980 267,985 277,992 294,980 343,987 352,983 373,987 446,986 456,992 467,986 494,986 502,992 509,987 540,989 579,983 594,995 608,985 628,988 636,995 649,988 689,989 696,995 712,985 733,993 741,987 765,988 773,983 784,990 853,990 873,1001 899,988 916,992 921,1003 912,1017 887,1017 878,1012 864,1022 838,1014 796,1015 790,1019 754,1013 709,1016 696,1008 677,1016 649,1014 636,1006 626,1014 603,1014 593,1008 569,1015 545,1012 509,1017 500,1010 467,1012 456,1004 443,1011 420,1013 307,1013 286,1011 279,1005 265,1012 251,1006 215,1011 196,1010 185,1002 177,1009 121,1008 114,1002 89,1009 49,1002 5,1005"/>
        <Baseline points="3,992 922,1004"/>
        <TextEquiv>
          <Unicode>duction soit assez défecyueuse au point de vue littéraire, je</Unicode>
        </TextEquiv>
      </TextLine>

    
    
      <TextLine id="eSc_line_154983" >
        <Coords points="2,1017 4,1005 54,1003 73,1005 82,1012 115,1005 141,1012 187,1004 214,1014 224,1009 249,1008 281,1008 307,1016 314,1012 371,1011 380,1017 406,1010 474,1011 493,1012 504,1019 522,1013 552,1014 563,1021 586,1012 689,1014 696,1019 704,1015 776,1015 786,1021 798,1015 836,1014 859,1026 876,1014 906,1022 926,1011 938,1013 944,1027 939,1043 929,1048 919,1048 906,1040 901,1044 873,1043 862,1036 852,1044 823,1038 806,1044 789,1034 776,1042 755,1041 740,1048 729,1041 709,1043 696,1034 670,1043 637,1043 609,1037 581,1042 563,1032 551,1038 513,1037 501,1030 490,1037 460,1041 424,1038 407,1032 391,1040 380,1032 366,1037 317,1038 307,1031 297,1037 253,1037 226,1036 215,1029 202,1036 154,1034 145,1028 132,1033 99,1034 82,1025 72,1031 5,1031"/>
        <Baseline points="3,1018 945,1028"/>
        <TextEquiv>
          <Unicode>crois que vous lirez avec plaisir ces quelques pages qui, si je</Unicode>
        </TextEquiv>
      </TextLine>

    
    
      <TextLine id="eSc_line_154984" >
        <Coords points="3,1045 5,1031 27,1031 36,1037 46,1030 73,1031 82,1037 91,1031 104,1035 149,1030 179,1034 196,1046 214,1033 264,1034 275,1043 285,1035 298,1040 306,1035 320,1043 330,1036 384,1035 393,1041 410,1033 418,1037 446,1037 456,1045 466,1038 503,1035 579,1042 606,1037 629,1043 656,1041 667,1047 697,1035 711,1044 728,1042 742,1050 761,1040 780,1042 789,1037 808,1045 818,1040 845,1044 860,1038 886,1043 892,1056 880,1068 848,1065 830,1069 801,1064 766,1066 757,1073 742,1063 716,1067 701,1061 691,1067 672,1061 662,1067 520,1062 482,1066 467,1064 457,1057 446,1062 330,1065 321,1058 286,1063 274,1054 232,1063 211,1061 201,1054 190,1062 145,1058 110,1061 103,1056 94,1057 83,1047 69,1056 45,1057 34,1049 25,1056 6,1057"/>
        <Baseline points="4,1046 893,1056"/>
        <TextEquiv>
          <Unicode>ne me trompe, sont la première manifestation d&#39;un pacifisme</Unicode>
        </TextEquiv>
      </TextLine>

    
    
      <TextLine id="eSc_line_165207" >
        <Coords points="2,1068 5,1057 74,1056 84,1051 113,1063 120,1058 142,1058 157,1060 168,1067 197,1059 222,1060 230,1065 242,1059 252,1062 272,1058 284,1063 321,1060 330,1065 341,1063 349,1069 360,1063 441,1064 454,1060 484,1068 496,1062 520,1062 626,1067 653,1064 666,1069 676,1063 695,1072 704,1066 743,1064 757,1074 769,1066 824,1067 834,1073 853,1065 877,1073 890,1064 900,1068 941,1065 953,1080 945,1096 914,1098 902,1094 896,1098 880,1088 870,1093 839,1092 832,1086 822,1093 786,1093 759,1085 749,1092 711,1093 699,1089 676,1092 666,1086 620,1094 598,1089 526,1090 520,1084 506,1090 487,1082 471,1092 394,1085 364,1096 347,1083 267,1088 260,1081 247,1086 229,1079 215,1089 188,1089 170,1078 161,1084 148,1084 121,1082 112,1076 101,1083 14,1082 4,1090"/>
        <Baseline points="3,1069 954,1081"/>
        <TextEquiv>
          <Unicode>positif tel que l&#39;heure présente l&#39;exigerait à mon avis de tous</Unicode>
        </TextEquiv>
      </TextLine>

    
    
      <TextLine id="eSc_line_165208" >
        <Coords points="2,1091 17,1082 40,1081 51,1088 59,1081 87,1085 110,1078 148,1084 163,1084 169,1079 183,1088 204,1085 213,1092 229,1081 248,1088 257,1083 301,1089 349,1085 364,1097 381,1086 395,1085 407,1090 455,1088 470,1096 487,1084 517,1096 528,1090 555,1091 562,1096 568,1092 615,1090 625,1095 651,1090 666,1099 679,1092 752,1092 759,1088 775,1093 823,1093 832,1099 845,1091 868,1092 874,1107 865,1121 842,1122 829,1115 818,1124 750,1118 710,1124 705,1120 680,1120 668,1111 652,1123 622,1116 594,1123 579,1117 570,1121 558,1112 547,1120 533,1118 517,1108 501,1118 481,1117 470,1110 446,1118 437,1115 427,1122 377,1116 365,1108 342,1123 322,1114 234,1115 213,1105 198,1115 164,1109 103,1107 74,1108 64,1115 48,1102 40,1107 4,1107"/>
        <Baseline points="3,1092 875,1108"/>
        <TextEquiv>
          <Unicode>les pacifistes allemands dignes de ce nom et conscients de</Unicode>
        </TextEquiv>
      </TextLine>

    
    
      <TextLine id="eSc_line_154987" >
        <Coords points="2,1120 4,1107 48,1106 65,1117 76,1108 86,1108 164,1111 181,1120 179,1142 173,1143 162,1137 153,1144 133,1136 126,1140 81,1137 73,1144 61,1137 55,1143 46,1137 4,1137"/>
        <Baseline points="3,1121 182,1121"/>
        <TextEquiv>
          <Unicode>leur devoir.</Unicode>
        </TextEquiv>
      </TextLine>

    
    
      <TextLine id="eSc_line_155085" >
        <Coords points="290,1150 300,1134 311,1131 323,1137 332,1132 341,1138 374,1139 392,1132 414,1140 423,1133 452,1144 467,1130 483,1137 491,1130 506,1140 520,1139 526,1132 539,1140 562,1127 579,1144 594,1133 600,1140 631,1142 640,1150 653,1137 667,1136 691,1140 698,1134 713,1148 723,1139 753,1141 765,1134 792,1140 803,1149 814,1141 835,1140 848,1149 862,1138 873,1142 917,1138 920,1157 915,1169 886,1169 881,1173 870,1166 858,1169 851,1161 840,1171 822,1170 802,1158 792,1168 720,1172 712,1164 685,1171 666,1162 659,1170 646,1171 634,1159 624,1169 594,1170 576,1157 567,1165 550,1169 521,1164 468,1169 456,1159 445,1166 419,1166 411,1159 402,1168 380,1162 342,1164 333,1171 327,1165 298,1164 291,1157"/>
        <Baseline points="291,1151 921,1158"/>
        <TextEquiv>
          <Unicode>Excusez la liberté que j&#39;ai prise en vous</Unicode>
        </TextEquiv>
      </TextLine>

    
    
      <TextLine id="eSc_line_155086" >
        <Coords points="4,1173 9,1149 26,1159 70,1154 82,1158 91,1154 101,1159 109,1155 132,1166 154,1154 162,1159 185,1157 198,1166 219,1154 235,1162 259,1157 270,1162 324,1165 333,1171 343,1164 381,1162 401,1168 445,1165 465,1176 478,1166 517,1164 536,1166 546,1173 555,1166 579,1164 598,1171 627,1168 635,1162 646,1170 669,1166 682,1175 710,1168 758,1168 770,1174 779,1168 794,1171 802,1165 837,1170 853,1166 868,1169 878,1176 888,1170 952,1164 956,1184 952,1196 936,1200 913,1195 883,1202 860,1196 849,1204 826,1194 819,1200 809,1195 789,1203 777,1195 758,1203 745,1194 693,1201 677,1196 667,1202 654,1196 615,1202 598,1195 582,1202 576,1197 569,1201 546,1188 534,1194 501,1198 472,1192 454,1204 434,1192 427,1196 418,1193 363,1197 339,1188 308,1198 275,1191 244,1198 194,1190 181,1195 168,1189 133,1198 104,1189 69,1187 39,1191 32,1188 6,1195"/>
        <Baseline points="5,1174 957,1184"/>
        <TextEquiv>
          <Unicode>écrivant,moi écrivain modeste, mais acceptez cette lettre comme</Unicode>
        </TextEquiv>
      </TextLine>

    
    </TextRegion>
    
  </Page>
</PcGts>
