<?xml version="1.0" encoding="UTF-8"  standalone="yes"?>
<PcGts xmlns="http://schema.primaresearch.org/PAGE/gts/pagecontent/2019-07-15" xmlns:xsi="http://www.w3.org/2001/XMLSchema-instance" xsi:schemaLocation="http://schema.primaresearch.org/PAGE/gts/pagecontent/2019-07-15 http://schema.primaresearch.org/PAGE/gts/pagecontent/2019-07-15/pagecontent.xsd">
  <Metadata>
	<Creator>escriptorium</Creator>
	<Created>2021-03-18T09:46:09.836275+00:00</Created>
    <LastChange>2021-03-18T09:46:09.836297+00:00</LastChange>
  </Metadata>
  <Page imageFilename="P1170296.JPG" imageWidth="1920" imageHeight="2560">

    

    
    <TextRegion id="eSc_dummyblock_">
    
    
      <TextLine id="eSc_line_143408" >
        <Coords points="949,145 955,106 974,100 1002,108 1015,98 1047,113 1081,102 1105,121 1137,102 1164,113 1192,104 1209,117 1237,110 1273,132 1277,153 1271,189 1094,183 1068,196 1045,181 1026,181 1015,192 998,177 951,179"/>
        <Baseline points="950,147 1279,155"/>
        <TextEquiv>
          <Unicode>LETTRE N° 471.</Unicode>
        </TextEquiv>
      </TextLine>

    
    
      <TextLine id="eSc_line_143409" >
        <Coords points="121,251 128,213 138,202 151,196 162,206 181,206 209,183 234,206 392,211 388,285 341,298 320,283 302,290 262,277 181,279 121,326"/>
        <Baseline points="122,253 395,264"/>
        <TextEquiv>
          <Unicode>SÉNAT</Unicode>
        </TextEquiv>
      </TextLine>

    
    
      <TextLine id="eSc_line_143410" >
        <Coords points="1299,315 1303,236 1322,234 1352,264 1365,266 1380,253 1410,283 1433,283 1454,305 1478,285 1506,281 1533,302 1580,275 1604,285 1625,266 1655,283 1681,273 1700,294 1719,285 1728,294 1740,281 1770,294 1787,281 1804,296 1830,298 1834,330 1828,360 1806,349 1742,354 1725,343 1710,354 1681,343 1651,352 1638,341 1591,343 1574,358 1529,332 1484,354 1454,332 1431,354 1414,339 1301,343"/>
        <Baseline points="1301,317 1836,331"/>
        <TextEquiv>
          <Unicode>PARIS, 31 Janvier 1919</Unicode>
        </TextEquiv>
      </TextLine>

    
    
      <TextLine id="eSc_line_143411" >
        <Coords points="484,452 488,411 524,405 565,413 608,398 637,416 667,403 704,422 893,420 904,433 934,411 966,405 994,433 1011,424 1073,439 1085,430 1171,435 1181,426 1194,439 1239,445 1290,411 1324,443 1365,439 1380,450 1437,437 1454,448 1486,435 1525,454 1565,424 1610,448 1632,441 1651,454 1693,439 1715,452 1736,441 1755,452 1794,448 1838,467 1843,494 1834,531 1749,520 1725,531 1696,518 1585,524 1570,514 1495,522 1486,514 1433,514 1371,526 1341,507 1275,520 1228,505 1160,503 1143,512 1130,501 1088,509 1079,501 887,492 793,499 721,490 697,499 652,486 488,490"/>
        <Baseline points="485,454 1845,495"/>
        <TextEquiv>
          <Unicode>LES COMPTES ENTRE LA RUE PIERRE-CURIE ET LE Bd St-GERMAIN.</Unicode>
        </TextEquiv>
      </TextLine>

    
    
      <TextLine id="eSc_line_143413" >
        <Coords points="693,616 704,586 740,573 772,584 806,578 844,610 872,584 1026,590 1068,618 1090,599 1122,597 1149,622 1181,599 1252,597 1314,601 1344,629 1369,605 1403,599 1444,633 1474,605 1506,605 1548,614 1604,610 1621,618 1625,637 1614,689 1585,676 1544,682 1506,672 1474,680 1390,669 1373,678 1318,667 1288,680 1269,667 1256,674 1216,663 1126,661 1117,669 1032,657 695,650"/>
        <Baseline points="694,618 1627,638"/>
        <TextEquiv>
          <Unicode>AVANT, PENDANT et DEPUIS LA GUERRE</Unicode>
        </TextEquiv>
      </TextLine>

    
    
      <TextLine id="eSc_line_143412" >
        <Coords points="800,544 804,505 849,509 872,501 887,509 910,501 919,509 938,503 947,512 987,512 1002,524 1043,512 1073,526 1090,514 1120,512 1139,526 1158,516 1181,522 1196,512 1233,524 1320,520 1346,524 1358,537 1382,524 1484,524 1516,535 1548,529 1570,537 1578,569 1570,595 1529,599 1256,590 1241,582 1184,582 1160,597 1117,580 1060,593 1032,578 802,573"/>
        <Baseline points="800,546 1580,571"/>
        <TextEquiv>
          <Unicode>L&#39;OEUVRE DE LA DOTATION CARNEGIE</Unicode>
        </TextEquiv>
      </TextLine>

    
    
      <TextLine id="eSc_line_167367" >
        <Coords points="1021,825 1026,795 1096,797 1115,810 1126,802 1192,804 1207,793 1224,806 1373,804 1412,814 1416,834 1410,887 1361,889 1341,874 1324,891 1318,883 1230,883 1211,893 1177,872 1147,885 1109,866 1096,876 1064,878 1024,846"/>
        <Baseline points="1023,826 1418,835"/>
        <TextEquiv>
          <Unicode>Mon cher Butler,</Unicode>
        </TextEquiv>
      </TextLine>

    
    
      <TextLine id="eSc_line_167368" >
        <Coords points="727,1009 733,972 746,966 793,985 849,966 864,983 893,974 908,985 921,974 947,987 964,972 1013,996 1036,985 1079,1006 1122,987 1145,1006 1175,989 1203,1002 1277,998 1294,1011 1299,1038 1275,1062 1190,1053 1171,1066 1149,1047 1102,1053 1079,1034 1062,1051 994,1043 947,1053 913,1032 893,1045 851,1047 787,1032 748,1049 729,1036"/>
        <Baseline points="728,1010 1300,1039"/>
        <TextEquiv>
          <Unicode>Je vous envoie ci-joint</Unicode>
        </TextEquiv>
      </TextLine>

    
    
      <TextLine id="eSc_line_144553" >
        <Coords points="366,1250 373,1213 420,1198 454,1209 467,1203 492,1220 537,1203 561,1211 637,1203 674,1218 738,1220 774,1203 802,1222 851,1216 889,1224 908,1213 932,1235 1021,1205 1068,1241 1094,1226 1105,1233 1132,1222 1175,1237 1207,1222 1235,1248 1258,1230 1322,1241 1356,1230 1393,1252 1408,1239 1427,1245 1448,1233 1472,1254 1497,1235 1516,1250 1544,1239 1557,1250 1578,1239 1591,1252 1608,1245 1623,1254 1687,1245 1715,1258 1781,1248 1800,1258 1806,1286 1787,1318 1708,1322 1685,1309 1659,1326 1614,1294 1589,1314 1523,1305 1484,1314 1461,1301 1395,1307 1346,1294 1318,1309 1265,1292 1239,1307 1201,1292 1154,1294 1137,1305 1113,1292 1070,1297 1051,1284 998,1294 972,1280 908,1292 817,1282 797,1294 780,1282 729,1282 712,1271 695,1282 629,1277 605,1286 548,1271 371,1273"/>
        <Baseline points="368,1251 1808,1287"/>
        <TextEquiv>
          <Unicode>M. Paul Appell concernant le chapitre fastidieux des comptes</Unicode>
        </TextEquiv>
      </TextLine>

    
    
      <TextLine id="eSc_line_144558" >
        <Coords points="364,1326 369,1299 392,1284 439,1282 484,1288 497,1301 507,1290 531,1294 550,1286 597,1297 695,1297 714,1288 763,1309 780,1294 806,1294 823,1314 844,1297 878,1294 887,1305 908,1299 917,1307 928,1301 940,1309 955,1294 987,1314 1009,1305 1034,1324 1096,1297 1156,1322 1218,1314 1235,1326 1250,1312 1275,1318 1292,1303 1307,1318 1320,1312 1341,1324 1414,1316 1506,1333 1533,1322 1548,1331 1612,1329 1617,1363 1610,1390 1568,1395 1506,1384 1465,1397 1429,1378 1399,1388 1348,1371 1329,1384 1314,1376 1282,1384 1241,1371 1179,1384 1152,1371 1068,1376 1041,1361 987,1373 968,1354 955,1365 891,1373 834,1356 793,1369 768,1361 755,1371 740,1361 695,1356 684,1367 657,1346 642,1358 618,1361 569,1346 518,1363 497,1346 469,1361 456,1350 403,1350 394,1358 366,1352"/>
        <Baseline points="365,1329 1619,1365"/>
        <TextEquiv>
          <Unicode>entre la rue Pierre-Curie et le Boulevard St-Germain.</Unicode>
        </TextEquiv>
      </TextLine>

    
    
      <TextLine id="eSc_line_167369" >
        <Coords points="704,1414 710,1376 727,1384 753,1373 791,1376 804,1388 823,1378 874,1376 885,1388 925,1371 923,1437 915,1433 881,1452 842,1450 823,1431 785,1446 742,1437 716,1444 706,1433"/>
        <Baseline points="706,1415 932,1424"/>
        <TextEquiv>
          <Unicode>Dire que</Unicode>
        </TextEquiv>
      </TextLine>

    
    
      <TextLine id="eSc_line_167370" >
        <Coords points="718,1499 723,1448 736,1457 761,1446 785,1450 810,1472 838,1472 853,1457 891,1450 915,1467 942,1452 947,1499 928,1529 866,1525 819,1533 806,1523 791,1527 772,1508 759,1521 723,1521"/>
        <Baseline points="721,1500 949,1500"/>
        <TextEquiv>
          <Unicode>M. Appell</Unicode>
        </TextEquiv>
      </TextLine>

    
    
      <TextLine id="eSc_line_167374" >
        <Coords points="1587,1521 1591,1486 1606,1478 1617,1489 1638,1489 1651,1476 1668,1486 1685,1476 1702,1493 1738,1480 1753,1484 1768,1501 1794,1508 1802,1529 1796,1555 1753,1553 1742,1561 1721,1548 1589,1550"/>
        <Baseline points="1589,1523 1803,1530"/>
        <TextEquiv>
          <Unicode>précieux</Unicode>
        </TextEquiv>
      </TextLine>

    
    
      <TextLine id="eSc_line_167371" >
        <Coords points="704,1881 708,1851 725,1856 740,1841 765,1838 795,1856 855,1845 874,1864 889,1849 893,1890 887,1909 878,1905 859,1922 791,1909 706,1911"/>
        <Baseline points="704,1883 895,1891"/>
        <TextEquiv>
          <Unicode>Haskell</Unicode>
        </TextEquiv>
      </TextLine>

    
    
      <TextLine id="eSc_line_167372" >
        <Coords points="509,1958 514,1913 522,1907 537,1922 563,1926 608,1915 654,1926 669,1920 693,1926 712,1945 723,1937 727,1958 723,1996 714,1998 633,1984 586,1994 548,1977 524,1990 514,1981"/>
        <Baseline points="510,1959 728,1959"/>
        <TextEquiv>
          <Unicode>à Appell,</Unicode>
        </TextEquiv>
      </TextLine>

    
    
      <TextLine id="eSc_line_167373" >
        <Coords points="1107,2048 1113,2011 1149,2022 1171,2003 1179,2013 1209,2009 1218,2020 1243,2016 1275,2026 1297,2013 1307,2024 1322,2011 1367,2048 1395,2028 1403,2035 1429,2011 1469,2011 1480,2024 1514,2013 1510,2094 1414,2086 1401,2097 1365,2071 1324,2092 1307,2080 1265,2082 1250,2065 1233,2082 1145,2075 1124,2084 1109,2071"/>
        <Baseline points="1108,2050 1518,2067"/>
        <TextEquiv>
          <Unicode>Ainsi vous serez</Unicode>
        </TextEquiv>
      </TextLine>

    
    
      <TextLine id="eSc_line_144559" >
        <Coords points="334,2171 347,2150 373,2161 441,2133 480,2148 548,2148 563,2161 588,2144 631,2154 648,2146 689,2154 704,2148 718,2158 761,2150 795,2176 836,2150 910,2184 953,2158 985,2178 1006,2161 1019,2171 1030,2165 1064,2173 1088,2161 1111,2171 1137,2156 1152,2169 1269,2171 1305,2182 1341,2169 1354,2180 1393,2173 1403,2184 1427,2173 1463,2186 1472,2178 1510,2190 1548,2186 1559,2197 1621,2190 1636,2201 1646,2193 1691,2193 1755,2214 1762,2233 1751,2263 1723,2269 1698,2257 1676,2269 1661,2257 1653,2263 1606,2252 1597,2261 1546,2240 1523,2250 1476,2233 1457,2244 1418,2244 1403,2231 1356,2248 1294,2233 1258,2246 1237,2235 1224,2244 1194,2227 1126,2237 1115,2229 1051,2229 1041,2237 987,2220 936,2231 915,2214 891,2229 857,2222 842,2231 825,2222 812,2229 795,2214 776,2225 627,2220 610,2203 586,2220 518,2203 503,2214 452,2216 337,2203"/>
        <Baseline points="337,2173 1764,2235"/>
        <TextEquiv>
          <Unicode>Société des Nations tout le concours possible de la Dotation</Unicode>
        </TextEquiv>
      </TextLine>

    
    
      <TextLine id="eSc_line_143414" >
        <Coords points="1348,2133 1356,2097 1386,2105 1397,2097 1429,2101 1457,2124 1486,2099 1506,2114 1531,2101 1546,2114 1580,2097 1597,2112 1604,2105 1653,2118 1702,2114 1745,2124 1764,2114 1792,2158 1779,2184 1738,2188 1721,2176 1696,2193 1681,2176 1651,2190 1634,2173 1621,2182 1593,2173 1570,2186 1555,2169 1508,2184 1457,2154 1425,2176 1348,2171"/>
        <Baseline points="1349,2134 1792,2159"/>
        <TextEquiv>
          <Unicode>1°,-de/prêter à la</Unicode>
        </TextEquiv>
      </TextLine>

    
    
      <TextLine id="eSc_line_143415" >
        <Coords points="334,2259 339,2233 371,2214 386,2225 413,2210 448,2227 486,2216 509,2233 533,2212 558,2237 578,2222 618,2225 625,2233 661,2218 712,2233 733,2222 776,2233 802,2225 838,2248 859,2244 874,2252 889,2237 936,2242 955,2229 977,2250 1013,2240 1068,2246 1100,2233 1113,2248 1198,2246 1209,2257 1262,2246 1284,2246 1305,2261 1322,2248 1386,2259 1425,2252 1472,2274 1501,2257 1512,2265 1559,2259 1572,2272 1595,2267 1612,2284 1644,2263 1657,2306 1649,2340 1587,2338 1578,2329 1538,2338 1516,2314 1504,2327 1429,2327 1401,2344 1376,2321 1348,2325 1326,2308 1282,2325 1235,2299 1216,2316 1164,2310 1141,2318 1111,2306 1102,2314 1079,2308 1053,2325 989,2301 953,2314 910,2289 891,2306 853,2310 844,2301 785,2301 772,2289 757,2301 723,2304 699,2282 654,2312 576,2306 552,2295 526,2301 514,2289 484,2291 456,2310 433,2286 422,2297 388,2289 369,2299 337,2284"/>
        <Baseline points="337,2260 1658,2307"/>
        <TextEquiv>
          <Unicode>Carnegie; 2° ,- de fixer à ce concours des limites aussi</Unicode>
        </TextEquiv>
      </TextLine>

    
    
      <TextLine id="eSc_line_144560" >
        <Coords points="74,2444 78,2406 98,2417 192,2419 204,2406 215,2412 236,2404 275,2417 285,2406 300,2412 326,2400 373,2427 405,2421 437,2432 486,2404 512,2427 531,2421 567,2438 603,2423 622,2438 659,2417 676,2434 697,2417 729,2432 761,2419 778,2432 787,2423 808,2429 829,2449 883,2425 923,2444 934,2438 957,2446 977,2427 1009,2436 1038,2423 1058,2444 1081,2438 1100,2451 1117,2436 1149,2429 1184,2464 1177,2498 1162,2508 1002,2493 960,2502 887,2491 872,2500 846,2498 829,2485 748,2493 648,2489 625,2478 599,2491 524,2478 416,2483 390,2470 377,2483 326,2478 317,2468 294,2476 130,2476 110,2461 98,2472 76,2468"/>
        <Baseline points="75,2446 1184,2466"/>
        <TextEquiv>
          <Unicode>à Monsieur le Président Nicholas Murray BUTLER.</Unicode>
        </TextEquiv>
      </TextLine>

    
    </TextRegion>
    
  </Page>
</PcGts>
