<?xml version="1.0" encoding="UTF-8"  standalone="yes"?>
<PcGts xmlns="http://schema.primaresearch.org/PAGE/gts/pagecontent/2019-07-15" xmlns:xsi="http://www.w3.org/2001/XMLSchema-instance" xsi:schemaLocation="http://schema.primaresearch.org/PAGE/gts/pagecontent/2019-07-15 http://schema.primaresearch.org/PAGE/gts/pagecontent/2019-07-15/pagecontent.xsd">
  <Metadata>
	<Creator>escriptorium</Creator>
	<Created>2021-03-18T09:46:09.825499+00:00</Created>
    <LastChange>2021-03-18T09:46:09.825521+00:00</LastChange>
  </Metadata>
  <Page imageFilename="P1170184.JPG" imageWidth="1920" imageHeight="2560">

    

    
    <TextRegion id="eSc_dummyblock_">
    
    
      <TextLine id="eSc_line_144259" >
        <Coords points="913,224 925,185 955,196 974,179 1000,194 1043,187 1066,206 1083,196 1122,198 1132,209 1154,198 1216,200 1241,224 1233,275 1201,275 1192,266 1090,273 917,262"/>
        <Baseline points="914,225 1243,225"/>
        <TextEquiv>
          <Unicode>LETTRE N° 465.</Unicode>
        </TextEquiv>
      </TextLine>

    
    
      <TextLine id="eSc_line_144260" >
        <Coords points="157,313 164,275 183,268 204,277 232,264 268,279 285,275 322,294 356,292 394,273 418,292 420,330 411,358 394,360 243,343 157,360"/>
        <Baseline points="159,314 421,331"/>
        <TextEquiv>
          <Unicode>SÉNAT</Unicode>
        </TextEquiv>
      </TextLine>

    
    
      <TextLine id="eSc_line_144261" >
        <Coords points="1179,377 1184,322 1203,341 1239,311 1271,343 1290,326 1307,330 1320,322 1333,332 1444,324 1476,341 1489,330 1504,337 1525,326 1559,339 1578,339 1591,326 1649,330 1678,343 1700,332 1704,386 1687,405 1651,416 1640,405 1574,407 1563,398 1450,407 1440,398 1341,394 1316,409 1292,398 1243,396 1220,411 1181,384"/>
        <Baseline points="1181,378 1705,387"/>
        <TextEquiv>
          <Unicode>PARIS, 21 Janvier 1919.</Unicode>
        </TextEquiv>
      </TextLine>

    
    
      <TextLine id="eSc_line_144262" >
        <Coords points="550,512 554,456 576,471 599,448 618,445 669,480 704,452 718,465 761,469 808,456 853,458 864,469 904,460 921,469 1060,477 1079,469 1094,486 1156,469 1216,477 1233,471 1241,482 1273,473 1303,490 1324,473 1344,480 1384,465 1412,475 1422,467 1444,480 1461,469 1472,480 1491,473 1495,520 1478,554 947,541 552,544"/>
        <Baseline points="552,512 1496,521"/>
        <TextEquiv>
          <Unicode>RÉCEPTION du PRÉSIDENT WILSON par le SÉNAT.</Unicode>
        </TextEquiv>
      </TextLine>

    
    
      <TextLine id="eSc_line_144264" >
        <Coords points="315,642 320,599 360,603 388,593 409,608 454,601 465,610 477,601 505,612 520,601 550,625 576,608 648,625 684,612 881,612 900,625 915,616 992,616 1011,627 1024,616 1090,616 1113,631 1130,618 1286,620 1309,622 1331,642 1361,625 1395,625 1422,637 1457,618 1491,629 1540,616 1553,625 1565,618 1585,633 1625,625 1674,640 1715,629 1734,640 1772,640 1779,663 1772,697 1713,708 1604,695 1559,695 1542,706 1531,697 1418,695 1408,704 1378,695 1346,701 1333,693 1218,701 1160,686 974,686 919,695 872,684 853,695 829,686 599,684 552,725 492,723 480,714 443,729 411,708 354,725 317,716"/>
        <Baseline points="317,643 1781,665"/>
        <TextEquiv>
          <Unicode>L&#39;HEURE DE L&#39;INGRATITUDE - LES AMÉRICAINS - NOS RÉGIONS ENVAHIES.</Unicode>
        </TextEquiv>
      </TextLine>

    
    
      <TextLine id="eSc_line_144263" >
        <Coords points="580,576 603,563 633,567 654,548 669,556 682,544 802,556 814,544 859,541 913,544 957,567 979,546 1041,546 1060,558 1102,550 1130,571 1164,571 1186,550 1252,552 1262,563 1284,550 1329,550 1352,561 1376,552 1459,552 1518,588 1480,622 1399,627 582,612"/>
        <Baseline points="582,576 1519,590"/>
        <TextEquiv>
          <Unicode>.- LA RIVE GAUCHE DU RHIN - LE LUXEMBOURG.-</Unicode>
        </TextEquiv>
      </TextLine>

    
    
      <TextLine id="eSc_line_144265" >
        <Coords points="661,718 663,701 684,686 778,686 789,697 819,686 844,699 908,686 938,708 964,689 1077,691 1090,701 1105,686 1120,686 1196,695 1209,706 1243,693 1333,697 1344,708 1395,695 1459,729 1450,768 1390,772 1166,768 1139,759 1026,761 1011,770 930,757 663,757"/>
        <Baseline points="663,721 1460,730"/>
        <TextEquiv>
          <Unicode>LES FEMMES &amp;amp; LA SOCIÉTÉ DES NATIONS.</Unicode>
        </TextEquiv>
      </TextLine>

    
    
      <TextLine id="eSc_line_144266" >
        <Coords points="586,795 590,755 627,768 644,753 669,772 684,757 742,759 753,770 765,759 878,757 908,759 919,772 966,761 1015,772 1047,763 1079,770 1092,782 1130,761 1333,768 1369,791 1405,765 1450,782 1467,768 1510,768 1570,808 1555,851 1533,840 1335,838 1322,849 1230,836 672,827 620,829 603,844 588,834"/>
        <Baseline points="588,796 1572,810"/>
        <TextEquiv>
          <Unicode>LES ALLEMANDS PROFITENT DÉJA DE LEUR DÉFAITE.</Unicode>
        </TextEquiv>
      </TextLine>

    
    
      <TextLine id="eSc_line_167247" >
        <Coords points="1002,979 1013,951 1045,947 1077,953 1090,966 1113,951 1181,955 1192,964 1205,955 1277,955 1329,962 1350,977 1373,964 1380,977 1376,1004 1322,1026 1207,1021 1190,1030 1175,1019 1145,1019 1132,1006 1102,1021 1043,1011 1006,1015"/>
        <Baseline points="1003,980 1381,978"/>
        <TextEquiv>
          <Unicode>Mon cher Butler,</Unicode>
        </TextEquiv>
      </TextLine>

    
    
      <TextLine id="eSc_line_144268" >
        <Coords points="328,1248 330,1230 388,1233 435,1218 452,1226 462,1220 471,1230 497,1224 518,1243 548,1224 597,1235 663,1224 774,1233 791,1222 808,1239 832,1230 1015,1241 1088,1235 1111,1239 1143,1262 1137,1307 1051,1307 1038,1294 1013,1307 987,1288 953,1307 902,1299 823,1303 804,1286 787,1299 725,1301 674,1292 605,1299 595,1288 550,1294 526,1282 501,1299 413,1294 398,1284 384,1292 330,1290"/>
        <Baseline points="329,1248 1145,1265"/>
        <TextEquiv>
          <Unicode>au Sénat, le Président des Etats-Unis.</Unicode>
        </TextEquiv>
      </TextLine>

    
    
      <TextLine id="eSc_line_167248" >
        <Coords points="791,1190 793,1164 804,1160 896,1158 910,1166 962,1164 970,1156 1013,1164 1021,1194 1015,1226 996,1235 802,1235 793,1226"/>
        <Baseline points="792,1191 1023,1196"/>
        <TextEquiv>
          <Unicode>Nous avons</Unicode>
        </TextEquiv>
      </TextLine>

    
    
      <TextLine id="eSc_line_144267" >
        <Coords points="853,1474 861,1446 942,1454 968,1444 994,1454 1122,1452 1126,1478 1113,1518 1024,1518 1011,1510 964,1516 942,1501 910,1518 855,1512"/>
        <Baseline points="855,1476 1128,1479"/>
        <TextEquiv>
          <Unicode>300 couverts</Unicode>
        </TextEquiv>
      </TextLine>

    
    
      <TextLine id="eSc_line_167249" >
        <Coords points="654,1678 659,1655 699,1651 716,1659 742,1651 857,1664 904,1653 913,1661 1085,1661 1098,1670 1102,1691 1096,1725 1053,1732 1026,1717 964,1728 942,1715 910,1725 898,1713 887,1723 855,1725 800,1717 723,1723 699,1713 657,1723"/>
        <Baseline points="655,1680 1104,1692"/>
        <TextEquiv>
          <Unicode>Des Gardes Municipaux</Unicode>
        </TextEquiv>
      </TextLine>

    
    
      <TextLine id="eSc_line_144269" >
        <Coords points="324,1954 328,1926 341,1915 392,1928 428,1920 467,1943 501,1920 546,1934 563,1920 601,1926 622,1917 633,1930 663,1920 704,1932 736,1926 750,1939 776,1928 889,1934 902,1943 966,1934 979,1947 1021,1926 1049,1937 1201,1937 1211,1947 1265,1934 1275,1941 1284,1932 1333,1947 1356,1934 1382,1937 1397,1952 1408,1941 1450,1945 1469,1934 1482,1945 1587,1945 1606,1962 1625,1945 1659,1949 1674,1973 1668,2003 1629,2007 1608,1990 1568,2020 1525,2020 1508,2003 1482,2020 1448,2007 1412,2030 1358,2005 1341,2022 1318,2003 1269,2016 1248,2003 1230,2016 1209,1998 1177,2009 1160,1992 1122,2016 1100,2003 1053,1996 1043,2007 1006,2003 981,2011 930,1998 900,2018 866,1996 846,2013 821,1996 800,2003 782,1994 725,1994 706,2011 674,1992 640,1996 620,1988 567,1996 535,1984 512,2001 482,1979 448,1998 394,1996 377,1984 358,1998 328,1988"/>
        <Baseline points="326,1956 1675,1975"/>
        <TextEquiv>
          <Unicode>étage. Le Président Wilson est arrivé peu après le Président de</Unicode>
        </TextEquiv>
      </TextLine>

    
    
      <TextLine id="eSc_line_144270" >
        <Coords points="174,2114 179,2060 209,2090 266,2082 290,2090 322,2062 341,2058 381,2077 420,2067 430,2077 473,2069 482,2075 492,2067 529,2077 544,2067 576,2080 605,2062 631,2084 644,2071 676,2084 706,2071 736,2084 753,2069 782,2086 800,2069 846,2097 868,2086 898,2092 919,2075 955,2092 989,2084 1004,2094 1047,2092 1062,2077 1079,2082 1088,2073 1128,2086 1143,2073 1162,2084 1166,2126 1147,2154 1049,2154 1019,2165 998,2146 979,2158 878,2156 855,2146 842,2154 780,2148 746,2156 676,2148 669,2139 627,2150 514,2148 473,2144 460,2131 420,2144 396,2133 381,2148 302,2137 202,2152 177,2133"/>
        <Baseline points="175,2115 1167,2129"/>
        <TextEquiv>
          <Unicode>à Monsieur le Président Nicholas Murray BUTLER.</Unicode>
        </TextEquiv>
      </TextLine>

    
    </TextRegion>
    
  </Page>
</PcGts>
