1920 2560
192 279 445 373 SÉNAT
885 153 1222 266 LETTRE N° 447.
1224 281 1813 441 PARIS, le 6 Décembre 1918
424 588 1557 682 LA DIGNITÉ DU PEUPLE DE PARIS DANS LA VICTOIRE
541 505 1465 599 LE ROI ET LA REINE DES BELGES à PARIS .
748 661 1177 746 LES CHAMPS-ELYSÉES
979 729 1582 829 QUELLE TENTATION SI.......
672 1098 1632 1228 J'ai assisté hier au passage du Roi et de la
682 1416 1614 1510 J'étais chez nos amis les Tuck, aux Champs-
