1920 2560
902 128 1258 226 LETTRE N° 461.
1294 281 1824 377 PARIS, 6 Janvier 1919.
584 531 1589 650 RÉPONSE à VOTRE LETTRE DU 20 DÉCEMBRE 1918.
375 697 1760 827 D'ASSOCIATION FRANCAISE POUR LA SOCIETE DES NATIONS. ......
512 627 1617 731 NOTRE BUDGET DU BUREAU EUROPÉEN POUR 1919-1920
849 791 1252 889 UNE SUGGESTION ?
1049 970 1433 1060 Mon cher Butler,
354 1237 1009 1333 bonne lettre du 20 Décembre.
721 1173 1755 1271 J'ai reçu le 5 de ce mois, assez vite, votre
1053 1260 1312 1322 Je l'ai lue
1233 1495 1525 1550 Prudhommeaux
349 1781 1772 1877 çaise de la Société des Nations. Je l'invite à vous adresser
1397 1725 1826 1792 Association Fran-
484 1939 757 2026 Association,
772 2090 1708 2212 M. Léon Bourgeois, assisté de M. Appell,
70 2254 1177 2363 à Monsieur le Président Nicholas Murray BUTLER.
