1920 2560
955 162 1034 232 11
618 405 1160 490 Et ily a là peut-être
793 569 996 648 Et c'est
300 644 744 733 Duc de Malborough
947 1209 1676 1312 Votre affectueusement dévoué,
23 1457 1721 1587 P.S.,- A mon passage à Paris, j'ai vu naturellement Léon Bourgeois,
206 1508 1760 1629 mais je n'ai pu trouver, dans ma hâte de repartir pour la Sarthe,
206 1553 1777 1668 M. Pichon.- Je ne me fais d'ailleurs aucune illusion sur le prix
204 1636 1757 1749 donc borné à écrire à notre ministre la lettre sommaire également
209 1591 1706 1704 qu'on peut attacher à mes efforts au Quai d'Orsay; je me suis
194 1713 1815 1828 est même nécessaire que vous soyez au courant de ce que vous faisons
206 1678 1710 1785 ci-jointe en copie. Elle n'a rien de confidentiel pour/vous; il
202 1751 1751 1866 à Paris pour le succès d'une coopération vraiment sérieuse de nos
202 1789 1768 1911 trois nations au service de la Société des Nations. En deux mots,
202 1832 1122 1909 j'en reviens toujours à ma conviction:
213 1902 1749 2033 faillite et un argument de plus pour les sceptiques; - organisée
494 1873 1678 1981 isolée, la Société des Nations ne sera rien qu'une
192 1949 1504 2073 en participation, elle vivra et pourra sauver le Monde.
322 2116 1090 2233 Président Nicholas Murray BUTLER,
469 2173 708 2250 NEW-YORK.
10 2329 249 2412 2 annexes.
