1920 2560
908 108 1271 241 LETTRE N° 571.
1222 352 1768 456 PARIS, 13 Octobre 1919.
441 507 1595 667 AUTRES ARGUMENTS POUR SERVIR à la RÉDACTION DE
829 629 1198 714 MON LIVRE SUR :
616 689 1454 814 " LA FAILLITE DE LA GUERRE ".
462 759 1664 881 EXCELLENT DISCOURS DE M.BOURGEOIS.- L'AFFICHAGE.-
334 829 1777 968 LE TRAITÉ DE PAIX EST CRITIQUÉ MAIS VOTÉ PAR LE SÉNAT, POUR
334 896 1770 1015 EN FINIR.- M. CLEMENCEAU, DANS UN DE SES DISCOURS LES MEIL-
334 930 1696 1038 LEURS, FAIT PAR LE PROCÈS DES DIRIGEANTS, SANS PENSER QU'IL
328 1015 605 1083 LA GUERRE.
334 977 1751 1094 CONDAMNE TOUS CEUX QUI ONT DÉSIRÉ ou N'ONT PAS SU PRÉVENIR
320 1105 1755 1258 RÉSUME MON POINT DE VUE: CE QU'ON REPROCHE AU TRAITE N'EST
569 1081 1749 1203 DANS UN DISCOURS, QU'IL QUALIFIE DE VIRULENT, JE
339 1177 1077 1260 AUTRE QUE LE FAIT DE LA GUERRE.
964 1390 1358 1480 Mon cher Butler,
226 1593 586 1700 11 de ce mois,
644 1542 731 1625 En
1013 1629 1600 1728 Traité de paix. A quand
1489 1550 1777 1659 les 9, 10 et
644 1781 714 1843 La
759 1856 1173 1954 M. Léon Bourgeois
330 1920 721 2020 vous avez. Vous
763 2020 1201 2107 "Journal Officiel".
23 2304 1147 2421 à Monsieur le Président Nicholas Murray BUTLER.
