480 640
212 12 40 31 - 2 -

40 32 380 39 rapport devant la prochaine conférence interparlementaire de

42 58 412 32 Londres. Cette conférence a été ajournée. La question n'en reste

44 82 402 33 pas moins à l'ordre du jour : elle est même devenue peu/ à peu la

42 104 108 31 question du jour.

136 126 295 26 A mesure que les moyens militaires apparaissent

43 144 396 30 comme insuffisants pour mettre fin à la guerre, - ( ce qui, par

44 167 391 27 parenthèse, n'est pas à l'honneur du militarisme), - on est bien

42 188 398 26 obligé de chercher autre chose, et c'est ainsi qu'on est arrivé,

43 209 409 28 du côté des Alliés, à l'emploi concerté des forces économiques de

44 229 392 29 chacun contre l'ennemi commun. - L'arme économique n'est donc

44 252 389 27 qu'un moyen de suppléer à l'insuffisance de la force navale et

43 272 373 29 militaires des Alliés, comme la terrorisation est le moyen du

42 293 418 27 militarisme allemand ; mais, par un paradoxe inattendu, l'emploi de

43 315 406 26 cette arme exige une organisation collective des États  tellement

45 336 396 27 étudiée qu'elle devient, en fait, une préparation de la Société

45 357 405 23 des Nations. C'est pendant la guerre et sous la contrainte de la

46 378 409 27 guerre que les Gouvernements auront été réduits à faire le premier

47 399 280 30 essai d'une organisation sérieuse de la paix!

138 418 317 27 Cela est si vrai que l'arme économique fait l'objet

47 437 372 28 de nos discussions les plus approfondies et, à mon avis, les

48 461 379 24 plus utiles, à la Commission "pour l'étude de la Société des

48 482 307 25 Nations", qui siège aux Affaires Etrangères et dont

51 523 408 26 je vous €€ ai parlé. - Je ne puis naturellement me départir, sur ce

52 541 374 28 point, du secret professionnel. Je puis cependant, et je dois

52 563 385 33 insister sur les initiatives répétées, hardies et excellentes de
