480 640
207 11 55 35 - 13 -

43 63 424 32 aux garanties essentielles qui faisaient leur honneur et leur force;

44 35 414 40 que je vois les Gouvernements de nos alliés sollicités de renoncer

43 108 394 30 de bonne foi, mais aveuglément, à des manœuvres qu’ils ne nous

45 84 421 35 XXXXXXXX malheur à eux, malheur à nous, s’ils se laissent entraîner

44 130 385 28 pardonneront pas et qu’ils ne se pardonneront pas à eux-mêmes,

45 151 411 27 quand ils découvriront qu’elles sont entreprises contre la vérité.

46 191 354 33 difficile certes, mais qu’il faut d’autant plus méditer:

141 174 286 27 Je reviens donc à ma formule d’une application

133 222 258 34 Mobilisez-vous, ne vous militarisez pas,

46 253 411 32 Si vous ne voulez pas tomber du régime idéal de vos libertés exem-

46 278 338 33 plaires dans les bassesses classiques de la dictature.

203 316 180 35 Votre affectueusement dévoué,

192 347 231 65 ££ ££ ££

4 413 250 43 à Monsieur le Président N.Murray BUTLER.

105 442 67 30 NEW-YORK.
