480 640
204 4 44 39 - 5 -

35 44 401 36 les Gouvernements européens en garde contre ce retour d’un mili-

32 72 407 30 tarisme déguisé sous un masque civil. La politique des matières

34 96 393 27 premières consiste pour les Alliés à dresser le bilan de leurs

35 112 415 33 ressources et de leurs besoins ; cela fait, les matières premières

35 137 404 28 nécessaires à chacun d’eux seront réservés par tous à la commu-

36 162 295 29 nauté, à l’exclusion naturellement des ennemis.

132 177 321 29 L’Allemagne se trouve donc ainsi privée, pendant la

37 201 411 28 guerre et jusqu’à la fin de la guerre, de ces matières premières

39 221 403 28 indispensables à son alimentation et à son industrie, par consé-

38 243 399 27 quent à sa vie ; et on estime que cette privation doit l’amener

39 263 414 30 à demander la paix, comme elle le fait ; mais non pas un mensonge,

40 285 386 28 une contrefaçon allemande de la paix, mais une vraie paix, la

40 308 310 28 paix du droit, la paix durable, la paix du Monde.

137 324 317 30 L’arme économique n’est donc qu’un moyen d’obliger

42 348 418 29 le militarisme allemand à reconnaître l’impuissance de ses crimes,

42 369 394 28 et finalement à disparaître, avec tous les autres militarismes ;

44 390 402 28 elle est une protection plutôt qu’une arme ; elle est un bienfait

44 412 335 29 po r la civilisation et une menace pour la barbarie.

87 429 367 42 B.-      Reste la troisième étape.-. L’isolement de

44 462 415 33 l’Allemagne est assuré plus ou moins étroitement par le blocus. La

45 483 412 32 privation des matières premières dont elle ne peut se passer gêne

46 504 408 32 grandement son action militaire et provoque, dans l’opinion alle-

49 525 402 30 mande, des mécontentements, des discussions dont la lumière peut,

49 545 402 31 à la longue, éclairer jusqu’à l’obscurité volontaire ou involon-

50 565 393 46 taires des esprits caporalisés.-. Supposons que cette gêne soit
