<?xml version="1.0" encoding="UTF-8"?>
<alto xmlns:xsi="http://www.w3.org/2001/XMLSchema-instance"
	  xmlns="http://www.loc.gov/standards/alto/ns-v4#"
	  xsi:schemaLocation="http://www.loc.gov/standards/alto/ns-v4# https://gitlab.inria.fr/scripta/escriptorium/-/raw/develop/app/escriptorium/static/alto-4-1-baselines.xsd">
  <Description>
	<MeasurementUnit>pixel</MeasurementUnit>
	<sourceImageInformation>
	  <fileName>P1080300.JPG</fileName>
	</sourceImageInformation>
  </Description>
  <Layout>
    <Page WIDTH="480" HEIGHT="640" PHYSICAL_IMG_NR="7" ID="eSc_dummypage_">
      <PrintSpace HPOS="0" VPOS="0" WIDTH="480" HEIGHT="640">
        
        <TextBlock ID="eSc_dummyblock_">
	      <TextLine ID="eSc_line_96941" BASELINE="200 37 246 40" HPOS="200" VPOS="20" WIDTH="45" HEIGHT="31">
            <Shape>
              <Polygon POINTS="200 37 204 24 213 29 223 25 230 28 239 20 245 24 243 50 238 46 219 50 210 44 201 51"/>
            </Shape>
	        <String CONTENT="- 8 -" HPOS="200" VPOS="20" WIDTH="45" HEIGHT="31"></String>
          </TextLine>
        
        
	      <TextLine ID="eSc_line_96984" BASELINE="40 64 134 70 442 68" HPOS="40" VPOS="48" WIDTH="402" HEIGHT="36">
            <Shape>
              <Polygon POINTS="40 64 41 52 68 53 72 49 79 53 85 48 106 59 113 55 121 59 127 53 131 57 141 53 148 59 156 58 166 51 175 58 207 60 215 56 228 60 252 49 272 63 288 57 300 61 317 49 324 56 333 58 338 54 348 61 365 52 372 59 379 59 385 53 395 58 411 50 423 50 438 58 442 68 427 78 395 78 390 82 379 78 308 81 299 77 287 84 271 78 129 80 90 73 82 78 70 72 41 73"/>
            </Shape>
	        <String CONTENT="de tous et tous à l’effort de chacun. Ce système ne pourra pas " HPOS="40" VPOS="48" WIDTH="402" HEIGHT="36"></String>
          </TextLine>
        
        
	      <TextLine ID="eSc_line_97101" BASELINE="41 86 125 92 459 89" HPOS="41" VPOS="72" WIDTH="418" HEIGHT="32">
            <Shape>
              <Polygon POINTS="41 86 42 75 57 73 71 74 80 80 91 75 100 82 113 78 128 82 147 80 151 84 156 80 169 84 174 80 219 84 225 80 274 79 287 84 295 78 348 82 434 79 442 72 456 81 459 89 454 99 319 102 288 96 283 101 263 102 173 102 151 98 114 104 109 99 93 100 82 94 77 98 56 93 42 96"/>
            </Shape>
	        <String CONTENT="entrer en vigueur du jour au lendemain, comme les autres sanctions, " HPOS="41" VPOS="72" WIDTH="418" HEIGHT="32"></String>
          </TextLine>
        
        
	      <TextLine ID="eSc_line_97102" BASELINE="41 108 46 108 131 113 458 110" HPOS="41" VPOS="96" WIDTH="417" HEIGHT="29">
            <Shape>
              <Polygon POINTS="41 108 42 97 55 96 80 100 106 98 114 104 129 99 146 104 152 98 169 103 183 101 189 106 198 100 252 105 283 103 288 99 319 104 327 100 389 101 396 106 403 100 447 97 458 110 448 120 381 120 376 124 363 120 257 124 251 120 232 120 218 124 180 121 168 125 148 119 42 117"/>
            </Shape>
	        <String CONTENT="par l’effet d’un décret revêtu de signatures officielles. C’est là " HPOS="41" VPOS="96" WIDTH="417" HEIGHT="29"></String>
          </TextLine>
        
        
	      <TextLine ID="eSc_line_97162" BASELINE="42 131 112 134 457 131" HPOS="42" VPOS="117" WIDTH="415" HEIGHT="28">
            <Shape>
              <Polygon POINTS="42 131 43 118 54 117 70 118 76 124 84 119 108 125 123 123 128 127 146 120 169 125 210 121 219 125 249 122 256 126 302 120 307 124 362 122 375 130 388 121 440 120 454 123 457 131 446 141 416 139 392 143 377 138 371 143 239 140 232 145 219 140 149 143 129 139 124 144 108 138 99 144 94 140 56 137 43 140"/>
            </Shape>
	        <String CONTENT="qu’il faut se mettre en face de la réalité des faits. Il ne fonc-" HPOS="42" VPOS="117" WIDTH="415" HEIGHT="28"></String>
          </TextLine>
        
        
	      <TextLine ID="eSc_line_97266" BASELINE="42 152 107 155 455 153" HPOS="42" VPOS="139" WIDTH="413" HEIGHT="25">
            <Shape>
              <Polygon POINTS="42 152 43 140 50 139 62 143 85 140 95 147 106 139 121 145 140 141 152 147 158 142 191 141 227 142 232 146 239 141 290 142 297 146 304 142 375 144 435 139 445 141 455 153 445 162 374 160 363 164 43 162"/>
            </Shape>
	        <String CONTENT="tionnera qu’après de multiples essais de chacun et de tous, après " HPOS="42" VPOS="139" WIDTH="413" HEIGHT="25"></String>
          </TextLine>
        
        
	      <TextLine ID="eSc_line_97267" BASELINE="42 175 447 174" HPOS="42" VPOS="161" WIDTH="405" HEIGHT="28">
            <Shape>
              <Polygon POINTS="42 175 43 163 63 166 68 161 86 165 132 163 146 168 153 163 346 166 433 161 442 164 447 174 437 183 340 187 214 183 180 188 166 182 146 182 126 184 119 189 112 183 43 181"/>
            </Shape>
	        <String CONTENT="des tâtonnements et moyennant des résistances ou de difficultés " HPOS="42" VPOS="161" WIDTH="405" HEIGHT="28"></String>
          </TextLine>
        
        
	      <TextLine ID="eSc_line_97268" BASELINE="42 197 445 193" HPOS="42" VPOS="182" WIDTH="403" HEIGHT="27">
            <Shape>
              <Polygon POINTS="42 197 43 182 109 186 118 191 146 183 159 188 167 183 176 189 242 184 321 188 440 184 445 193 442 203 420 206 257 203 171 207 159 203 148 208 121 205 108 209 90 204 43 204"/>
            </Shape>
	        <String CONTENT="inévitables, après un entraînement laborieux de recherches et ce" HPOS="42" VPOS="182" WIDTH="403" HEIGHT="27"></String>
          </TextLine>
        
        
	      <TextLine ID="eSc_line_97269" BASELINE="42 219 445 217" HPOS="42" VPOS="204" WIDTH="403" HEIGHT="25">
            <Shape>
              <Polygon POINTS="42 219 43 206 66 204 121 211 138 205 145 210 165 206 181 216 199 207 210 211 214 207 279 205 294 211 299 206 369 205 396 206 405 211 438 204 445 217 442 227 408 224 401 229 327 224 204 229 185 228 180 223 174 229 43 227"/>
            </Shape>
	        <String CONTENT="conciliation dévouée ; cet entraînement, -je n’y connais, - est " HPOS="42" VPOS="204" WIDTH="403" HEIGHT="25"></String>
          </TextLine>
        
        
	      <TextLine ID="eSc_line_97270" BASELINE="44 240 425 237" HPOS="44" VPOS="225" WIDTH="381" HEIGHT="26">
            <Shape>
              <Polygon POINTS="44 240 45 227 292 230 301 226 353 225 370 230 409 227 425 237 420 246 388 246 379 250 327 246 130 251 45 248"/>
            </Shape>
	        <String CONTENT="facile à prévoir sur le papier, mais ne s’accomplira qu’à la " HPOS="44" VPOS="225" WIDTH="381" HEIGHT="26"></String>
          </TextLine>
        
        
	      <TextLine ID="eSc_line_97271" BASELINE="43 262 442 259" HPOS="43" VPOS="243" WIDTH="399" HEIGHT="34">
            <Shape>
              <Polygon POINTS="43 262 44 250 57 249 173 252 188 248 239 248 252 252 362 246 400 250 421 249 428 243 439 251 442 259 439 276 435 277 423 268 388 267 319 267 280 272 187 268 175 273 171 269 144 269 139 274 78 268 69 272 44 270"/>
            </Shape>
	        <String CONTENT="suite de minutieuses préparations techniques lesquelles agiront " HPOS="43" VPOS="243" WIDTH="399" HEIGHT="34"></String>
          </TextLine>
        
        
	      <TextLine ID="eSc_line_97272" BASELINE="42 285 430 282" HPOS="42" VPOS="268" WIDTH="388" HEIGHT="27">
            <Shape>
              <Polygon POINTS="42 285 46 271 140 275 148 270 159 276 170 269 178 273 380 269 390 274 419 268 427 272 430 282 423 291 408 288 169 293 140 289 133 295 104 290 43 291"/>
            </Shape>
	        <String CONTENT="elles-mêmes sur la transformation nécessaire des mœurs et de " HPOS="42" VPOS="268" WIDTH="388" HEIGHT="27"></String>
          </TextLine>
        
        
	      <TextLine ID="eSc_line_97325" BASELINE="43 305 465 302" HPOS="43" VPOS="278" WIDTH="422" HEIGHT="45">
            <Shape>
              <Polygon POINTS="43 305 46 291 139 296 192 290 204 299 216 290 277 295 286 291 421 292 435 278 462 294 465 302 455 313 446 311 436 321 412 323 395 322 389 316 377 320 367 310 314 322 303 322 293 313 278 314 273 319 262 313 254 321 245 312 231 316 225 311 218 317 204 311 192 322 180 312 152 312 143 317 117 313 102 317 98 313 65 315 54 310 44 315"/>
            </Shape>
	        <String CONTENT="l’&quot;esprit internationale&quot;. N’espérons pas que cette transformation " HPOS="43" VPOS="278" WIDTH="422" HEIGHT="45"></String>
          </TextLine>
        
        
	      <TextLine ID="eSc_line_97429" BASELINE="41 327 189 325" HPOS="41" VPOS="313" WIDTH="148" HEIGHT="34">
            <Shape>
              <Polygon POINTS="41 327 44 315 70 313 102 319 110 315 153 317 180 313 189 325 180 337 161 339 146 333 137 341 117 336 111 343 98 339 87 347 70 337 43 339"/>
            </Shape>
	        <String CONTENT="s’opérera toute seule! " HPOS="41" VPOS="313" WIDTH="148" HEIGHT="34"></String>
          </TextLine>
        
        
	      <TextLine ID="eSc_line_97430" BASELINE="146 347 443 343" HPOS="146" VPOS="322" WIDTH="297" HEIGHT="37">
            <Shape>
              <Polygon POINTS="146 347 147 333 191 340 200 333 222 335 233 331 253 331 258 335 288 333 293 329 307 334 319 322 332 322 344 333 353 335 365 331 380 333 396 322 417 322 429 333 440 334 443 343 436 355 415 356 404 352 220 353 215 358 191 352 171 357 160 353 154 359 147 356"/>
            </Shape>
	        <String CONTENT="	Ne nous faisons pas d’illusion et reconnaissons " HPOS="146" VPOS="322" WIDTH="297" HEIGHT="37"></String>
          </TextLine>
        
        
	      <TextLine ID="eSc_line_97431" BASELINE="41 370 458 365" HPOS="41" VPOS="352" WIDTH="417" HEIGHT="29">
            <Shape>
              <Polygon POINTS="41 370 42 359 60 354 81 361 103 359 109 353 116 359 127 357 133 363 139 357 154 360 160 354 167 358 217 359 222 354 308 357 327 353 336 357 409 352 415 358 445 353 458 365 453 373 443 375 421 375 414 371 258 379 235 373 188 380 157 372 150 379 136 381 108 380 104 376 79 375 74 380 42 377"/>
            </Shape>
	        <String CONTENT="notre erreur ; la &quot;sanction de l’opinion&quot;, - sur laquelle je comp-" HPOS="41" VPOS="352" WIDTH="417" HEIGHT="29"></String>
          </TextLine>
        
        
	      <TextLine ID="eSc_line_97432" BASELINE="42 392 456 384" HPOS="42" VPOS="373" WIDTH="414" HEIGHT="31">
            <Shape>
              <Polygon POINTS="42 392 44 379 57 377 77 384 93 376 102 380 170 382 211 376 292 380 366 373 396 381 413 373 450 376 456 384 454 395 414 393 408 397 398 393 390 399 363 393 346 397 198 396 184 404 167 395 158 400 136 396 121 402 100 397 93 403 44 403"/>
            </Shape>
	        <String CONTENT="tais, avec nos amis et particulièrement avec Elihu Root, avant la " HPOS="42" VPOS="373" WIDTH="414" HEIGHT="31"></String>
          </TextLine>
        
        
	      <TextLine ID="eSc_line_97433" BASELINE="44 414 464 407" HPOS="44" VPOS="394" WIDTH="420" HEIGHT="30">
            <Shape>
              <Polygon POINTS="44 414 45 403 52 401 90 405 106 398 143 404 147 400 160 401 164 396 184 404 197 398 344 398 362 394 391 399 426 394 433 398 458 397 464 407 462 422 441 414 421 415 415 421 408 415 344 415 208 422 202 418 197 422 182 415 173 421 164 418 146 424 132 418 111 421 107 417 102 423 94 418 89 423 46 422"/>
            </Shape>
	        <String CONTENT="guerre, n’a pas joué. L’opinion n’a pas été et n’a pas pu être la " HPOS="44" VPOS="394" WIDTH="420" HEIGHT="30"></String>
          </TextLine>
        
        
	      <TextLine ID="eSc_line_97434" BASELINE="44 433 450 429" HPOS="44" VPOS="415" WIDTH="406" HEIGHT="30">
            <Shape>
              <Polygon POINTS="44 433 45 423 74 421 143 424 162 419 166 423 199 424 248 418 343 421 377 415 404 417 413 426 422 417 439 415 450 429 447 436 436 438 419 437 412 432 406 438 350 436 326 442 314 437 299 441 292 436 280 439 274 435 267 442 252 438 231 443 199 437 175 442 157 439 153 443 62 440 45 445"/>
            </Shape>
	        <String CONTENT="personne morale que nous attend  ions et qu’elle doit être ; elle " HPOS="44" VPOS="415" WIDTH="406" HEIGHT="30"></String>
          </TextLine>
        
        
	      <TextLine ID="eSc_line_97435" BASELINE="45 456 422 449" HPOS="45" VPOS="436" WIDTH="377" HEIGHT="32">
            <Shape>
              <Polygon POINTS="45 456 46 445 54 447 61 441 81 445 131 440 151 445 169 441 181 445 195 440 203 445 216 441 231 445 243 440 249 445 283 440 300 443 311 438 323 444 330 439 344 443 370 436 390 440 411 436 419 438 422 449 419 458 404 462 369 456 349 463 325 457 295 462 267 458 259 462 239 461 234 466 227 460 202 463 178 458 166 462 153 459 147 465 123 460 91 463 84 468 76 463 46 466"/>
            </Shape>
	        <String CONTENT="a été paralysée ; elle n’a pas eu de voix ou, ce qui est plus " HPOS="45" VPOS="436" WIDTH="377" HEIGHT="32"></String>
          </TextLine>
        
        
	      <TextLine ID="eSc_line_97436" BASELINE="45 476 474 470" HPOS="45" VPOS="448" WIDTH="429" HEIGHT="38">
            <Shape>
              <Polygon POINTS="45 476 47 466 68 463 85 469 91 464 124 461 150 465 154 461 165 464 174 460 216 460 233 470 248 460 260 463 335 459 351 466 358 459 370 458 403 463 410 458 432 459 445 448 464 453 474 470 471 482 450 479 444 485 423 477 402 477 396 481 347 477 296 483 268 478 242 485 231 479 226 483 163 482 151 486 138 481 102 486 88 481 46 486"/>
            </Shape>
	        <String CONTENT="grave, sa voix a été faussée ; elle risque d’être faussé de nouveau " HPOS="45" VPOS="448" WIDTH="429" HEIGHT="38"></String>
          </TextLine>
        
        
	      <TextLine ID="eSc_line_97437" BASELINE="46 497 435 491" HPOS="46" VPOS="479" WIDTH="389" HEIGHT="29">
            <Shape>
              <Polygon POINTS="46 497 47 486 101 487 138 482 148 487 174 483 192 487 197 483 218 486 423 479 432 482 435 491 432 500 328 502 311 498 306 502 272 503 243 499 227 503 206 501 186 508 176 501 156 506 124 501 99 502 88 507 47 506"/>
            </Shape>
	        <String CONTENT="dans les mauvais jours, par les manœuvres tendancieuses de la " HPOS="46" VPOS="479" WIDTH="389" HEIGHT="29"></String>
          </TextLine>
        
        
	      <TextLine ID="eSc_line_97438" BASELINE="48 517 445 512" HPOS="48" VPOS="500" WIDTH="397" HEIGHT="30">
            <Shape>
              <Polygon POINTS="48 517 49 507 88 508 100 503 126 502 170 503 189 512 197 505 216 501 248 506 312 500 359 504 417 500 438 502 445 512 443 528 438 530 425 521 403 519 359 523 300 523 292 519 254 525 231 520 212 525 207 520 198 523 191 519 175 528 165 523 156 527 139 523 85 523 49 528"/>
            </Shape>
	        <String CONTENT="presse sensationnelle. C’est la presse qui pousse aux conflits " HPOS="48" VPOS="500" WIDTH="397" HEIGHT="30"></String>
          </TextLine>
        
        
	      <TextLine ID="eSc_line_97439" BASELINE="48 541 95 536 435 532" HPOS="48" VPOS="520" WIDTH="387" HEIGHT="29">
            <Shape>
              <Polygon POINTS="48 541 49 528 54 526 101 523 156 528 162 524 176 527 206 521 211 526 230 527 266 522 305 526 329 521 351 522 368 529 376 521 412 520 435 532 425 542 401 544 370 538 361 544 328 541 292 545 261 541 252 549 245 544 218 545 214 541 156 542 152 546 49 546"/>
            </Shape>
	        <String CONTENT="et aux violations du droit au lieu de les prévenir. Dominée, " HPOS="48" VPOS="520" WIDTH="387" HEIGHT="29"></String>
          </TextLine>
        
        
	      <TextLine ID="eSc_line_97441" BASELINE="48 563 69 557 97 555 459 555" HPOS="48" VPOS="540" WIDTH="411" HEIGHT="29">
            <Shape>
              <Polygon POINTS="48 563 49 547 77 544 174 548 179 543 188 543 194 549 199 545 246 545 253 549 268 542 319 547 368 540 390 545 443 541 456 547 459 555 457 565 390 560 301 565 269 562 262 566 232 567 200 565 194 561 186 566 175 562 139 568 108 564 96 568 87 563 78 569 50 568"/>
            </Shape>
	        <String CONTENT="égarée par la presse de chantage, l’opinion n’a d’autre ressource, " HPOS="48" VPOS="540" WIDTH="411" HEIGHT="29"></String>
          </TextLine>
        
        
	      <TextLine ID="eSc_line_97442" BASELINE="48 583 61 579 75 577 109 575 216 576 248 576 456 576" HPOS="48" VPOS="562" WIDTH="408" HEIGHT="41">
            <Shape>
              <Polygon POINTS="48 583 49 570 61 568 184 567 192 562 217 571 224 565 242 569 304 563 373 563 393 571 401 563 417 562 423 566 450 565 456 576 453 586 443 587 435 595 418 586 402 597 386 589 371 597 360 586 341 596 334 589 316 596 305 588 299 594 289 585 282 590 253 590 245 586 230 600 217 603 202 589 156 597 140 587 123 598 112 594 100 596 90 586 77 584 50 591"/>
            </Shape>
	        <String CONTENT="sous ce régime de mensonge, que de subir l’irréparable. Ayons le " HPOS="48" VPOS="562" WIDTH="408" HEIGHT="41"></String>
          </TextLine>
        </TextBlock>
        
      </PrintSpace>
    </Page>
  </Layout>
</alto>
