480 640
188 21 99 34 LETTRE n°355.

11 44 76 55 SÉNAT

301 42 134 52 PARIS, 13 Février 1918.

95 87 315 53 L'ARME ÉCONOMIQUE et les QUATRE SANCTIONS de la PAIX.

48 146 396 51 NOTRE COMMISSION OFFICIELLE POUR L'ÉTUDE D'UNE SOCIÉTÉ des NATIONS.

107 176 267 30 ÉMULATION GÉNÉRALE des ACTIVITÉS DANS CE SENS.

89 191 317 35 LES PROGRES ACCOMPLIS -.- LES DANGERS à PRÉVOIR.

51 211 373 35 QUE LA DÉMOCRATIE AMÉRICAINE PRENNE GARDE à la CONTAGION DES

53 230 386 51 PIRES ABUS DE LA PRESSE SENSATIONNELLE ET DU MILITARISME EUROPÉEN.

243 270 97 26 Mon cher Butler,

160 308 280 42 A l'occasion d'un débat récent qu'a soulevé fort

89 337 355 35 opportunément au Sénat mon collègue PERCHOT, et auquel l'état

92 358 338 35 encore précaire de ma santé ne m'a pas permis, à mon grand

92 377 360 33 regret, de prendre part, le Ministre du Commerce, M.Clémentel

93 397 354 31 a fait des déclarations intéressantes dont je vous envoie ci-

96 415 353 33 joint le texte, d'après l'Officiel du 8 de ce mois. Il a ex-

93 434 365 34 posé l'état des travaux poursuivis, sur son initiative méritoi-

94 454 357 32 re, par les divers départements ministériels français, d'accord

95 472 353 30 avec nos Alliés, particulièrement avec les Anglais et les Ita-

95 492 307 32 liens, concernant ce qu'on appelle, depuis la guerre:

98 500 353 42 l' "ARME ÉCONOMIQUE". C'est une question que j'étudie moi-même

100 529 336 42 depuis plusieurs mois, et dont je devais faire l'objet d'un

34 563 224 50 à Monsieur le Président N.Murray BUTLER.
