960 1280
489 1 81 61 - 2 -

110 58 815 62 pendant la guerre feront masse en faveur des guerres futures, en

113 111 793 52 faveur des ligues pour la guerre, des journées pour la guerre,

113 152 826 56 des entreprises pour la guerre. La carrière de la guerre restera

113 196 786 54 en souvenir et en perspective, pour un certain nombre de gens,

114 239 820 52 la grande affaire, l’ambition par excellence. Pour ce qui concer-

116 281 766 53 ne l’argent, nombre de braves gens auront pu reprendre à leur

113 324 802 53 compte et amplifier ce mot de la comédie d’Halévy : "Mes enfants!

118 367 814 52 si nous avons la chance que la guerre durant encore six mois : j’au-

113 410 812 50 rai mon million !". La guerre aura duré déjà quatre fois six mois

113 449 796 55 et on ne parle plus d’un million, mais des millions gagnés et à

116 494 652 44 gagner. Une nouvelle classe de riches s’est formée.

291 534 597 50 Mais les millions le sont pas tout. Voyons plus

113 575 826 51 haut : il faut faire entrer en ligne de compte, bien au-dessus des

113 617 778 50 avantages matériels, de grandes satisfactions idéales, les unes

118 656 783 53 justifiées et très nobles de, les autres fausses et mauvaises, que

114 734 800 59 d’une guerre offensive ? de l’agression allemande ? Si elle avait

117 700 769 51 la guerre apporte, suivant ce qu’a été la guerre. Parlons-nous

113 778 790 53 été victorieuse, c’était la gloire pour les Allemands ; c’étaient

114 860 775 52 tout. Malheureuse, on lui trouvera des excuses, et c’est l’in-

116 822 808 50 l’orgueil, l’ambition, le patriotisme exaltés; le succès couvrait

110 942 782 50 Parlons –nous allons, au contraire, d’une guerre défensive, celle que sou-

116 901 762 51 succès plus que la guerre que bien des Allemands regretteront.

117 983 789 48 tient la France ? XX Quel qu’en soit le résultat, quel XXXX soit

794 974 38 20 que

117 1060 787 52 sera déjà une récompense de nos sacrifices. Nous aurons été dans

118 1022 781 49 le prix effroyable de notre succès, le seul fait d’avoir résisté

118 1103 793 50 notre bon droit, nous aurons servi la bonne cause, diront les uns ;
