960 1280
413 21 90 39 - 4 -

78 75 804 58 de toujours. C'est l'expression de la pensée française la plus

80 122 631 54 pure, la plus désintéressée, vraiment invariable.

247 170 660 50 Y insister serait répéter ce que nous avons applaudi

80 212 508 47 et proclamé nous-même toute notre vie.

243 338 611 51 En revanche, je relèverai comme un signe nouveau

78 373 776 59 et bien autrement remarquable l'article que publie en tête du

81 421 796 52 dernier numéro de "La Revue des Deux-Mondes", notre ami Gabriel

80 462 637 50 Hanotaux, sous ce titre : "Le Problème de la Paix".

229 505 635 49 Hanotaux, qui, sans compter son talent et ses con-

80 549 794 50 naissances d'historien très-moderne, a toujours été fort avisé,

77 589 803 51 s'est aperçu que, s'il était facile de railler les précurseurs,

81 625 815 55 on pouvait cependant trouver dans leurs inspirations et dans leurs

101 668 770 55 efforts matière à succès positifs pour leurs successeurs. Ila

84 710 790 53 donc commencé plus ou moins, par se joindre à la foule des gens

80 756 780 50 conscients ou inconscients qui ont paralysé notre effort paci-

92 793 753 50 fique. Il a mis toutefois, je tiens à le reconnaître, une cer

89 833 778 51 taine modération et toujours quelque bienveillance amicale dans

88 871 804 55 mon exécution. C'est qu'il faisait ses réflexions : car nous nous

84 912 737 50 connaissons depuis trente ans, lui et moi ; nous avons servi

84 952 764 52 ensemble, travaillé ensemble : nul n'est mieux fixé que lui sur

89 988 735 57 le désintéressement et €s€ur la réalité du but soi-disant chi-

89 1031 756 59 mérique que j'ai poursuivi sous ses yeux pour mon pays. Il ne

88 1070 616 57 m'a jamais pris, lui, pour un naïf ou un imbécile.

244 1121 624 49 Je ne l'ai pas revu€e€, ou du moins je n'ai pas causé
