960 1280
440 21 91 36 - 2 -

143 85 734 67 égime parlementaire ; il aura contribué à le justifier et à

128 138 774 65 faire taire ses détracteurs. M. Clémenceau, lui-même, qui n'a

122 189 774 47 pas eu à s'en louer, écrit ce matin : "De quelque façon qu'on

122 231 816 60 envisage la conclusion de l'affaire, il est acquis que toutes les

119 277 798 56 passions, tous les dissentiments se sont fondés dans la commune

122 358 786 62 premier mot au dernier, le débat s'est poursuivi dans une haute

125 315 764 48 conscience d'un devoir supérieur envers la patrie, et que, du

119 400 245 43 tenue de dignité."

122 470 786 70 où le Parlement français, livré à lui-même, a discuté librement

295 441 638 48 Je n'ai pas le droit de parler de ces deux semaines

119 567 756 54 nir de la Guerre actuelle. J'aurais pourtant un bel éloge à

122 526 786 55 avec le Gouvernement de son choix, le passé, le présent, l'ave-

116 605 777 58 faire de ces séances que trop d'émotions pouvaient troubler en

116 692 820 59 la Somme, notre offensive générale. J'en suis sorti pénétré d'une

118 649 772 55 pleine bataille de Verdun, et au moment même où commençait, sur

116 725 777 62 conviction fortifiée non seulement dans le succès de la guerre,

118 773 806 54 mais dans l'avenir de nos institutions républicaines. Je regrette

119 813 728 53 bien que l'Empereur d'Allemagne n'aît pû, par miracle, être

124 894 766 53 plus impressionnant témoignage de la résolution d'un peuple dé-

125 856 791 52 exactement renseigné sur ce qui s'y est passé. Il y aurait vu le

119 932 749 57 cidé à se sacrifier pour repousser le militarisme allemand et

127 970 314 50 pour en délivrer le monde.

124 1050 741 50 mise d'accord, par une très grande majorité, (444 voix contre

303 1008 553 55 La Chambre, après une semaine de débats, s'est

124 1089 741 45 97, et quelques abstentions, sur 566 membres) pour soutenir le

125 1130 723 52 Gouvernement dans la poursuite de la guerre. Mais non, c'est
