960 1280
395 1 109 49 - 4 -

15 78 898 71 enfants en deuil ! Il y a foule devant le magasin du Printemps où

16 126 892 63 sont exposés des panoramas de jouets militaires. Ce sont de très

18 177 921 57 jolis tableaux vivants en miniature. L'un représente les tranchées

19 221 895 55 avec les poilus dans leurs abris ; ici faisant f££/££eu, jouant aux

19 268 853 52 cartes ; là transportant des blessés, emmenant des prisonniers,

22 319 917 44 pointant un canon d'artillerie lourde, une mitrailleuse. Au second

19 358 908 51 plan s'étend le terrain labouré d'obus, semé de corps ; - et un peu

13 450 883 48 par la lumière électrique, se dressent les ruines fumantes d'un

18 404 884 50 plus loin, dans la fournaise de l'incendie, admirablement figuré

18 540 875 50 tes. Au-dessus, à l'horizon, éclatent les obus, représentés par

24 496 880 51 village bombardé, avec son église en ruines, ses maisons détrui-

25 585 822 52 des explosions électriques, à la poursuite des aéroplanes de

42 627 847 49 combat traversant le ciel dans tous les sens, comme des phalènes.

52 670 816 47 C'est charmant, fou, invraisemblable, et pourtant très vrai. Ce

49 754 831 46 rents qui les conduisent. Et j'ai défilé comme tous les autres, dans

52 716 831 49 spectacle de mort fait la joie des petits enfants et de leurs pa-

59 793 818 44 la foule, devant ce spectacle... Je voulais entrer dans le maga-

67 832 449 46 sin ; impossible ; on s'y écrasait.

258 863 614 52 D'où vient tout cet argent qui se dépense ? De la

71 903 801 51 guerre. Les permissionnaires qui sont à l'arrière me disent, qu'à

71 944 795 52 part le carbone (raréfié parce qu'on le réserv e aux fabrications

74 982 783 54 de guerre) on/vit très bien dans leurs dépôts. Ils me rapportent

68 1069 546 44 dans les hôtels, pour deux francs par tête.

73 1027 778 48 les menus des repas succulents et très abondants qu'on leur sert

252 1104 610 45 Le lendemain de la guerre, la paix sera, pour quan-

73 1147 732 49 tité de gens, une incommensurable déception ; quand il faudra
