960 1280
152 1 297 52 ££ ££ ££ ££

142 53 325 94 ££ ££ ££ ££ ££

480 23 316 50 PARIS, 10 Juillet 1916

219 205 456 56 Monsieur le Président du Conseil,

46 430 816 60 n'avaient d'autre objet que de provoquer les très importantes

252 385 620 56 Mes observations volontairement très réservées

45 521 866 55 Vous comprendrez que je tienne à conserver, au moins pour moi, la

46 474 805 58 déclarations que vous avez faites au Sénat en Comité Sec ret.

48 608 814 61 points, à mon attente. J'en ai rédigé, d'après mes notes, le

52 566 859 60 substance de ces déclarations qui répondaient, sur la plupart des

54 696 817 61 tez-moi de vous le soumettre en vous priant, si vous n'y voyez

59 654 824 54 résumé personnel ci-joint. Pour épargner vos instants, permet-

59 784 824 53 le cas où vous en jugeriez autrement, je vous serais reconnais-

61 739 814 58 pas d'inconvénient, de me dire si vous le trouvez fidèle. Dans

58 826 844 56 sant de bien vouloir m'indiquer, s'il est possible, les rectifi-

61 879 362 46 cations qu'il comporterait.

70 954 644 64 sentiments de haute considération et bien dévoués.

270 907 611 60 Croyez, Monsieur le Président du Conseil, à mes

396 1002 452 88 ££ ££ ££

6 1183 449 50 À Monsieur le Président du Conseil,

167 1233 94 46 PARIS.
