960 1280
232 22 625 69 Voici ces déclarations, extraites d’une conférence

144 68 682 64 par M. Louis Renault, à l’Ecole des Sciences Morales et

85 108 754 73 olitiques, le 13 Février 1915, sous ce titre : "l’Allemagne et

74 155 309 42 le Droit des Gens"  ::

295 142 52 34 (1 :)

270 204 581 54 "Alors, je pose la question concrète, angoissan-

76 244 726 51 te, qui est celle-ci : nous avançons, nos troupes sont sur le

74 283 655 53 territoire allemand, qu’est-ce qu’elles vont y faire ?

274 331 574 46 Je me place au point de vue des règles du droit.

75 367 764 53 Est-ce que nous devons traiter les Allemands d’après leurs pro-

77 409 748 48 pres idées ? C’est extrêmement délicat, et je vous dirai que je

83 454 758 41 n’ai pas eu d’opinion à donner en dehors, que c’est une opinion

85 494 732 40 toute personnelle, que j’ai beaucoup réfléchi et que j’ai été

88 533 763 47 très tourmenté avant d’arriver à une solution approximative, - je

86 572 742 43 ne suis pas plus ambitieux que cela- : je crois fermement que

89 609 716 44 nous sommes déliés de tout engagement envers les Allemands à

94 651 742 43 raison de leur conduite – mais que nous ne sommes pas déliés de

97 689 735 43 tout engagement envers nous-mêmes. Nous ne pouvons pas et nous

88 731 766 40 ne devons pas dire à nos troupes de faire ce que les troupes alle-

89 768 759 45 mandes ont fait chez nous, elles ne le feraient pas, je l’espère.

89 845 750 45 une cause de grandeur morale, de valeur morale et c’est cela que

91 805 753 49 Il y aura là, dit-on, une cause de faiblesse. Oui. Mais il y a

85 884 726 45 nous ne devons pas abdiquer. Je crois, par exemple, que nous

94 924 734 45 ne devons jamais manquer la parole donnée, que nous ne devons

97 963 735 43 jamais tuer des femmes, des enfants, des vieillards quoique on

89 998 737 46 ait tué des femmes, des enfants, des vieillards chez nous ; nous

95 1071 728 48 fendent la civilisation ne se conduisent pas comme ceux qui dé-

97 1035 726 47 devons monter que nous valons mieux qu’eux et que ceux qui dé-

16 1123 812 51 Conférence publiée par la Librairie Felix Alcan, dans sa bibliothè-

101 1100 245 36 fendent la "Kultur". "

65 1153 639 45 que d’histoire contemporaine sous ce titre : "La Guerre".

710 1175 147 48 ££ ££ ££
