960 1280
449 18 97 40 - 6 -

97 92 814 62 électrisé, et pour la Russie, et pour l'Italie... Cela ne fait

100 144 811 56 que commencer pour eux ; plus la France souffrira, plus irrésis-

98 184 470 55 tible sera son exemple, sa contagion.

283 233 577 49 Laissons cela. Vous n'avez pas besoin que je

91 271 811 57 vous affirme ma certitude. J'ai eu l'occasion d'interroger tous

96 317 779 49 ces temps-ci, soit en particulier, soit ailleurs, le Président

94 361 807 50 du Conseil, ou je l'ai entendu spontanément répondre à quelques-

91 405 798 49 unes des questions qui me préoccupent. Il a été vraiment supé-

91 445 802 51 rieur, non seulement à l'élite des hommes d'Etat qui l'entourent

89 483 797 54 ou qui le combattent, il a été supérieur à lui-même. La guerre

94 525 477 55 l'a élevé au-dessus de toute atte€i€nte.

280 572 576 48 Indépendamment de ce qu'il a pu dire en Comité

97 610 784 51 secret, j'ai résumé, pour moi, quelques-unes de ses déclarations

97 651 786 51 personnelles ; j'aurais voulu me rappeler textuellement ce qu'il

97 691 750 50 a dit pour expliquer l'attitude de la Roumanie, enclavée, et

95 772 795 53 armées ; ce qu'il a dit du noble rôle de l'Italie qui n'a pas eu,

97 733 751 48 pendant longtemps sans secours, entre des voisins puissamment

97 817 731 44 comme nous, à subir la guerre, mais qui délibérément, y est

95 853 733 48 allée ! Et de la Serbie, et des Etats-Unis, et du Japon! Tout,

97 896 774 46 dans son langage, était un témoignage encourageant de gratitude

100 973 733 44 omphe du Droit. Je me suis borné aux trois résumés suivants,

101 936 753 44 pour les services rendus, un acte de foi raisonnée dans le tri-

98 1008 791 46 bien insuffisants mais fidèles en XXXXXX substance et portant tous

101 1051 753 39 trois sur des points qui m'intéressaient particulièrement. Vous

106 1073 751 43 les trouverez ci-joint, à titre personnel, bien entendu, quoiqu'

109 1092 416 35 ils n'aient vraiment rien de secret.

429 1115 346 41 Votre affectueusement dévoué

19 1155 442 68 Monsieur le Président N.Murray BUTLER.

446 1147 383 64 ££ ££ ££

204 1202 133 37 NEW-YORK.
