<?xml version="1.0" encoding="UTF-8"?>
<alto xmlns:xsi="http://www.w3.org/2001/XMLSchema-instance"
	  xmlns="http://www.loc.gov/standards/alto/ns-v4#"
	  xsi:schemaLocation="http://www.loc.gov/standards/alto/ns-v4# https://gitlab.inria.fr/scripta/escriptorium/-/raw/develop/app/escriptorium/static/alto-4-1-baselines.xsd">
  <Description>
	<MeasurementUnit>pixel</MeasurementUnit>
	<sourceImageInformation>
	  <fileName>P1150298.JPG</fileName>
	</sourceImageInformation>
  </Description>
  <Layout>
    <Page WIDTH="960" HEIGHT="1280" PHYSICAL_IMG_NR="3" ID="eSc_dummypage_">
      <PrintSpace HPOS="0" VPOS="0" WIDTH="960" HEIGHT="1280">
        
        <TextBlock ID="eSc_dummyblock_">
	      <TextLine ID="eSc_line_96341" BASELINE="446 39 536 39" HPOS="446" VPOS="18" WIDTH="90" HEIGHT="38">
            <Shape>
              <Polygon POINTS="446 39 448 32 460 26 465 29 482 18 492 23 515 24 528 37 534 35 536 39 528 39 518 49 503 45 477 56 467 46 454 47 448 41"/>
            </Shape>
	        <String CONTENT="- 4 -" HPOS="446" VPOS="18" WIDTH="90" HEIGHT="38"></String>
          </TextLine>
        
        
	      <TextLine ID="eSc_line_96342" BASELINE="79 131 894 122" HPOS="79" VPOS="99" WIDTH="815" HEIGHT="52">
            <Shape>
              <Polygon POINTS="79 131 80 112 101 107 110 110 120 106 132 113 138 109 150 115 180 109 196 118 219 105 232 111 245 106 253 112 266 108 281 114 306 103 328 112 334 108 355 110 370 104 383 108 391 102 396 106 403 101 415 108 425 101 445 100 464 106 478 99 497 110 520 107 528 111 551 100 565 105 579 99 599 110 611 111 618 106 656 113 663 110 669 114 688 105 694 110 730 108 739 114 753 106 767 108 772 104 782 108 794 100 805 99 812 104 832 101 846 109 878 104 891 112 894 122 884 134 854 133 843 140 828 129 812 138 801 133 790 138 781 131 758 137 740 125 725 136 698 136 683 143 665 131 656 138 638 134 633 138 621 135 614 140 582 135 565 142 554 134 534 138 523 133 496 138 448 135 437 143 428 136 395 141 376 128 362 135 352 132 315 141 303 135 296 139 284 130 273 136 231 141 216 130 206 130 194 139 186 135 170 147 138 147 121 138 95 151 81 141"/>
            </Shape>
	        <String CONTENT="physique. Nous sommes tranquilles là-dessus, comme on dit vul-" HPOS="79" VPOS="99" WIDTH="815" HEIGHT="52"></String>
          </TextLine>
        
        
	      <TextLine ID="eSc_line_96343" BASELINE="82 174 888 162" HPOS="82" VPOS="143" WIDTH="806" HEIGHT="45">
            <Shape>
              <Polygon POINTS="82 174 84 159 109 158 121 152 134 160 151 152 181 158 195 154 220 168 247 149 262 156 279 154 293 143 306 149 313 146 328 155 340 156 346 151 390 155 412 151 423 158 438 148 446 152 474 149 482 154 497 148 515 149 521 154 548 154 566 146 597 155 657 149 677 156 685 150 707 149 730 158 747 147 768 151 802 146 811 152 843 143 855 152 871 151 888 162 868 178 855 175 845 182 824 174 819 178 788 176 770 184 757 177 741 183 726 176 691 179 679 172 665 181 606 176 582 181 561 175 536 181 526 173 516 180 497 175 480 180 469 174 452 179 422 175 397 181 352 180 346 185 327 179 308 183 292 173 265 185 222 172 210 182 189 187 179 181 150 183 144 188 132 184 125 188 120 184 103 188 84 185"/>
            </Shape>
	        <String CONTENT="gairement. Nous plaignons de tout notre cœur les populations " HPOS="82" VPOS="143" WIDTH="806" HEIGHT="45"></String>
          </TextLine>
        
        
	      <TextLine ID="eSc_line_96345" BASELINE="81 258 891 246" HPOS="81" VPOS="226" WIDTH="810" HEIGHT="51">
            <Shape>
              <Polygon POINTS="81 258 82 249 89 244 115 243 126 248 149 235 161 235 172 242 224 242 239 238 253 242 296 233 322 245 343 233 360 239 453 236 461 240 485 231 495 238 503 232 513 239 518 235 538 238 544 234 559 239 568 234 609 250 633 233 658 244 676 232 689 231 698 236 707 230 729 243 737 237 774 236 783 229 802 237 818 231 839 234 856 226 869 235 888 238 891 246 888 254 869 266 851 259 828 258 822 262 805 260 791 269 762 260 747 270 727 258 704 267 686 262 663 264 658 260 638 268 611 260 600 266 573 262 557 263 551 268 536 264 526 272 508 260 501 264 432 264 407 272 400 267 363 267 355 262 319 268 309 262 296 269 277 267 266 275 251 265 228 265 215 272 194 260 182 269 161 265 146 273 128 262 103 277 84 268"/>
            </Shape>
	        <String CONTENT="que leur sacrifice n’aura pas été perdu. Et cette perspective " HPOS="81" VPOS="226" WIDTH="810" HEIGHT="51"></String>
          </TextLine>
        
        
	      <TextLine ID="eSc_line_96344" BASELINE="82 216 912 205" HPOS="82" VPOS="186" WIDTH="830" HEIGHT="48">
            <Shape>
              <Polygon POINTS="82 216 84 202 93 196 108 201 138 199 147 203 155 197 183 198 195 204 217 192 227 199 240 195 253 199 263 193 274 193 296 204 321 191 334 199 343 193 395 198 413 193 418 197 426 193 440 195 451 188 469 196 492 192 500 198 512 193 523 196 533 189 541 193 551 189 559 195 572 195 582 189 596 197 615 190 623 196 652 194 659 198 679 193 684 197 699 189 709 194 720 186 734 196 746 195 755 201 778 191 835 194 857 186 879 195 889 190 912 205 898 219 873 221 862 216 838 222 789 217 769 224 752 217 735 225 730 221 719 225 692 218 659 225 631 219 609 228 598 220 584 220 573 227 548 220 483 219 462 221 457 226 414 220 390 227 380 222 347 222 336 214 322 224 314 219 301 226 290 220 279 226 264 224 258 228 233 222 227 228 218 223 202 224 195 229 188 225 177 229 167 224 148 229 128 227 118 234 96 225 85 230"/>
            </Shape>
	        <String CONTENT="envahies, Belges et Français, où dominées, mais nous pressentons" HPOS="82" VPOS="186" WIDTH="830" HEIGHT="48"></String>
          </TextLine>
        
        
	      <TextLine ID="eSc_line_96346" BASELINE="81 302 889 290" HPOS="81" VPOS="270" WIDTH="808" HEIGHT="53">
            <Shape>
              <Polygon POINTS="81 302 87 286 121 283 129 288 147 287 159 278 171 287 188 280 202 286 222 281 244 293 259 282 275 278 287 283 312 277 326 286 350 273 362 281 369 276 391 283 426 276 464 287 485 277 511 282 525 275 535 282 552 280 565 289 579 278 592 277 600 282 640 278 650 284 656 279 675 282 716 273 726 281 747 284 764 275 786 280 795 275 813 279 826 270 844 278 871 275 889 290 871 305 853 303 842 307 822 301 810 306 802 303 791 311 768 310 744 301 731 308 689 303 683 308 665 306 654 310 638 301 611 311 605 308 591 313 568 301 549 311 537 308 518 313 498 305 468 306 456 307 443 316 421 305 414 310 382 306 364 312 337 310 324 300 301 311 248 309 242 313 223 307 203 316 189 315 173 305 141 323 123 314 104 311 83 316"/>
            </Shape>
	        <String CONTENT="malgré tout, d’une réparation morale, d’une justice après tant" HPOS="81" VPOS="270" WIDTH="808" HEIGHT="53"></String>
          </TextLine>
        
        
	      <TextLine ID="eSc_line_96347" BASELINE="84 344 892 333" HPOS="84" VPOS="311" WIDTH="808" HEIGHT="52">
            <Shape>
              <Polygon POINTS="84 344 86 331 104 324 119 330 169 326 196 329 209 322 227 329 240 322 260 328 278 327 294 318 303 325 322 321 332 325 360 322 367 327 388 323 410 329 423 323 454 329 468 319 483 326 503 322 512 328 542 320 556 328 568 319 589 328 601 318 609 323 623 318 645 325 654 321 713 321 727 325 759 318 816 323 825 317 831 320 844 311 866 323 872 318 889 326 892 333 890 339 871 350 852 345 845 350 838 345 824 350 818 347 812 352 808 349 800 355 783 345 744 352 733 344 724 351 678 347 664 356 639 348 568 353 553 342 540 352 526 350 521 354 511 347 498 352 463 350 449 356 441 351 436 355 412 349 390 355 373 350 305 350 296 355 261 355 254 350 242 355 231 352 216 363 189 352 183 356 137 354 132 358 107 349 95 357 86 352"/>
            </Shape>
	        <String CONTENT=" d’effroyables hécatombes, en face de la révolution qui partout " HPOS="84" VPOS="311" WIDTH="808" HEIGHT="52"></String>
          </TextLine>
        
        
	      <TextLine ID="eSc_line_96348" BASELINE="84 389 921 375" HPOS="84" VPOS="354" WIDTH="837" HEIGHT="51">
            <Shape>
              <Polygon POINTS="84 389 86 371 176 373 185 367 215 380 233 367 244 365 254 370 278 361 299 373 310 366 341 367 349 373 388 361 399 368 423 366 444 373 455 365 480 371 487 366 498 370 530 363 551 368 564 361 585 368 621 363 633 370 648 359 659 367 699 361 712 367 740 362 782 365 794 361 803 365 825 359 843 366 863 360 873 362 884 354 902 365 917 362 921 375 918 388 912 391 883 392 871 384 856 391 818 386 791 390 783 396 770 387 762 393 755 390 720 394 710 389 690 392 680 388 665 396 651 396 624 386 610 396 592 401 573 393 559 398 528 393 509 402 482 390 475 394 443 392 436 397 416 398 396 392 366 399 347 392 305 400 292 394 276 399 235 396 223 389 210 399 203 398 191 405 167 397 153 397 146 402 139 398 129 401 100 396 86 402"/>
            </Shape>
	        <String CONTENT="s’annonce, tient les cœurs en confiance ; les deuils restent les " HPOS="84" VPOS="354" WIDTH="837" HEIGHT="51"></String>
          </TextLine>
        
        
	      <TextLine ID="eSc_line_96349" BASELINE="84 432 883 417" HPOS="84" VPOS="399" WIDTH="799" HEIGHT="52">
            <Shape>
              <Polygon POINTS="84 432 86 417 98 410 112 418 153 413 170 421 179 414 213 411 241 423 258 409 277 414 286 410 295 413 299 409 330 414 341 411 348 416 365 410 401 413 417 405 434 413 445 407 454 412 466 406 485 412 494 405 506 404 529 415 545 408 569 410 574 406 584 410 595 406 612 411 627 405 645 417 662 404 670 403 679 408 699 406 716 410 723 404 742 404 753 409 770 401 783 405 813 399 827 407 856 409 862 405 874 413 880 411 883 417 863 434 854 430 835 436 825 431 806 435 799 431 794 435 763 437 730 428 719 436 697 438 687 432 658 439 646 431 635 439 617 434 610 440 602 437 586 446 570 435 548 441 533 432 522 440 511 436 506 439 493 432 466 444 451 435 438 437 429 444 419 438 410 442 393 436 363 441 341 437 325 444 310 433 293 445 282 445 269 438 260 445 247 436 233 448 193 441 181 451 172 451 141 441 128 449 109 440 86 447"/>
            </Shape>
	        <String CONTENT="deuils mais, pour ne prendre qu’à l’exemple, quelle différence " HPOS="84" VPOS="399" WIDTH="799" HEIGHT="52"></String>
          </TextLine>
        
        
	      <TextLine ID="eSc_line_96351" BASELINE="84 517 902 504" HPOS="84" VPOS="486" WIDTH="818" HEIGHT="55">
            <Shape>
              <Polygon POINTS="84 517 86 507 98 499 107 504 140 503 145 499 156 507 170 499 200 508 209 501 235 498 242 502 283 499 299 504 308 497 322 501 331 497 353 504 367 494 389 494 396 498 405 495 416 500 424 495 431 498 439 492 455 499 468 493 486 499 501 494 520 502 529 496 553 493 559 497 575 494 583 499 604 492 622 502 642 493 657 502 671 494 704 496 711 490 720 493 730 486 745 495 763 489 785 494 822 490 836 500 845 495 862 499 878 488 899 498 902 504 899 516 891 519 873 519 862 511 847 519 837 514 829 520 792 516 785 520 777 515 758 523 735 515 705 525 690 519 680 524 661 519 645 524 635 517 620 528 613 523 599 526 592 521 564 531 553 523 545 528 537 522 521 521 480 521 450 528 428 523 417 531 399 524 386 527 373 523 360 529 354 525 320 527 306 522 291 531 275 525 238 529 222 525 205 535 194 527 170 533 155 523 141 533 110 528 87 541"/>
            </Shape>
	        <String CONTENT=" Avant la guerre, mon fils aîné en mourant, a perdu sa vie : - il " HPOS="84" VPOS="486" WIDTH="818" HEIGHT="55"></String>
          </TextLine>
        
        
	      <TextLine ID="eSc_line_96350" BASELINE="86 475 876 462" HPOS="86" VPOS="443" WIDTH="790" HEIGHT="57">
            <Shape>
              <Polygon POINTS="86 475 88 460 104 459 113 452 125 460 147 457 157 464 169 455 195 462 208 455 224 457 230 453 237 458 248 450 264 459 273 452 303 452 327 463 341 452 374 453 387 458 403 452 448 456 452 452 477 451 488 455 493 452 503 458 522 448 556 454 567 454 573 448 589 452 606 447 616 454 629 448 641 454 659 449 666 454 681 448 697 452 713 443 730 451 737 446 743 450 758 448 764 443 784 453 791 449 799 452 805 447 845 446 853 451 865 447 876 462 874 470 864 477 855 473 847 477 842 473 824 479 816 473 784 480 772 473 755 480 660 477 643 483 634 476 608 483 593 475 584 480 575 477 545 481 520 500 496 484 468 476 459 483 447 484 419 484 413 479 390 477 381 485 368 486 348 479 342 483 330 479 323 485 302 485 292 478 267 486 256 480 234 488 221 482 207 483 201 488 184 484 176 487 156 475 136 491 115 484 100 489 89 484"/>
            </Shape>
	        <String CONTENT="entre la mort d’un fils avant la guerre ou pendant la guerre !" HPOS="86" VPOS="443" WIDTH="790" HEIGHT="57"></String>
          </TextLine>
        
        
	      <TextLine ID="eSc_line_96352" BASELINE="86 559 870 550" HPOS="86" VPOS="530" WIDTH="784" HEIGHT="48">
            <Shape>
              <Polygon POINTS="86 559 88 545 107 542 141 547 186 542 197 550 213 540 223 546 275 539 288 548 326 542 347 542 353 546 360 540 373 542 393 536 407 542 432 543 451 536 466 541 477 536 483 541 512 539 520 543 545 533 576 539 594 534 606 540 630 530 639 537 656 537 661 541 687 533 699 540 716 533 725 537 740 533 749 538 769 538 775 533 787 541 800 535 822 540 837 533 843 538 858 538 870 550 865 563 831 564 823 559 805 566 785 558 778 565 768 563 759 567 750 563 736 570 698 558 673 572 646 562 639 566 604 564 590 573 580 566 550 566 542 562 475 570 448 565 438 572 427 566 410 571 405 567 394 571 373 565 365 569 357 563 344 574 332 567 327 571 320 567 310 573 295 565 268 566 256 576 238 570 224 578 196 566 179 576 111 568 88 573"/>
            </Shape>
	        <String CONTENT="l’aurait donnée avec enthousiasme en fils avait pu mourir un an " HPOS="86" VPOS="530" WIDTH="784" HEIGHT="48"></String>
          </TextLine>
        
        
	      <TextLine ID="eSc_line_96353" BASELINE="87 605 905 590" HPOS="87" VPOS="573" WIDTH="818" HEIGHT="51">
            <Shape>
              <Polygon POINTS="87 605 89 587 106 586 114 591 132 588 149 594 162 585 179 591 200 585 216 593 237 590 256 599 283 582 304 594 316 585 338 584 346 588 351 584 360 587 366 582 380 582 395 592 439 580 450 585 458 582 470 589 482 580 512 584 548 573 573 586 590 577 598 582 609 579 623 589 638 578 646 581 656 576 686 582 743 580 751 575 770 581 789 576 824 588 848 574 860 580 888 575 901 581 905 590 885 606 863 598 842 608 818 596 800 609 788 605 769 609 755 604 740 610 705 605 646 612 620 604 602 611 591 607 574 615 559 608 507 612 469 606 458 613 451 609 442 616 427 610 418 615 383 609 353 617 335 610 277 617 255 602 244 611 229 606 194 624 184 617 158 615 150 609 136 618 90 619"/>
            </Shape>
	        <String CONTENT="plus tard. – Il serait parti enrichi par son sacrifice ; il se " HPOS="87" VPOS="573" WIDTH="818" HEIGHT="51"></String>
          </TextLine>
        
        
	      <TextLine ID="eSc_line_96355" BASELINE="90 690 924 676" HPOS="90" VPOS="655" WIDTH="834" HEIGHT="52">
            <Shape>
              <Polygon POINTS="90 690 91 679 97 675 121 677 128 673 140 682 157 670 162 674 172 668 185 677 196 671 213 679 253 671 257 674 265 668 285 673 317 669 324 674 344 676 355 668 367 673 392 669 413 679 427 669 438 669 448 675 473 664 491 671 519 672 533 662 544 669 596 663 608 672 639 663 652 670 681 664 703 674 727 659 745 666 775 663 787 670 803 660 812 665 840 664 851 671 873 655 920 664 924 676 918 685 894 693 882 686 837 695 819 688 791 693 786 689 730 690 724 694 710 687 701 694 685 692 679 698 672 693 663 697 648 688 626 694 613 689 602 694 584 693 575 688 566 695 559 693 542 699 521 688 500 700 478 701 467 695 453 700 442 696 428 705 416 697 353 699 346 694 300 703 278 696 265 703 246 700 240 704 229 697 215 707 204 701 194 706 185 700 148 702 141 698 132 705 107 705 93 699"/>
            </Shape>
	        <String CONTENT="Son frère, mon fils Paul, à peine âgé de 18 ans, était trop frêle" HPOS="90" VPOS="655" WIDTH="834" HEIGHT="52"></String>
          </TextLine>
        
        
	      <TextLine ID="eSc_line_96354" BASELINE="92 648 914 633" HPOS="92" VPOS="613" WIDTH="822" HEIGHT="50">
            <Shape>
              <Polygon POINTS="92 648 94 634 160 630 175 638 188 631 229 633 244 627 249 631 270 630 280 637 295 628 314 634 333 628 338 631 380 627 387 631 430 626 437 630 448 622 466 629 481 622 517 627 548 619 569 627 592 625 604 619 613 623 618 619 624 623 687 620 705 625 724 618 731 623 750 622 762 615 780 624 790 624 802 615 817 613 832 622 843 618 856 624 861 619 895 626 905 624 914 633 911 645 891 639 877 649 870 645 858 649 796 646 788 650 768 644 753 651 735 647 721 652 706 647 696 651 684 645 666 653 647 643 632 653 602 649 594 654 581 652 573 658 542 649 529 654 511 650 492 655 477 651 451 660 431 657 425 661 409 653 397 658 383 648 373 655 359 657 348 651 290 657 280 651 247 661 221 653 192 663 172 655 140 663 135 659 112 662 103 656 95 659"/>
            </Shape>
	        <String CONTENT="serait survécu en ceux qui auraient profité de son dévouement. – " HPOS="92" VPOS="613" WIDTH="822" HEIGHT="50"></String>
          </TextLine>
        
        
	      <TextLine ID="eSc_line_96356" BASELINE="90 732 895 716" HPOS="90" VPOS="700" WIDTH="805" HEIGHT="54">
            <Shape>
              <Polygon POINTS="90 732 92 721 100 716 126 721 135 715 153 724 162 717 184 719 190 713 201 718 217 717 228 725 249 712 259 717 269 710 280 716 302 705 325 717 337 716 343 710 365 716 397 712 408 718 413 714 450 711 459 716 470 708 487 714 518 713 523 709 538 713 545 707 558 712 566 708 591 715 608 706 627 714 648 700 667 709 686 706 695 712 714 703 745 705 754 710 761 706 769 710 776 706 828 709 842 703 854 711 873 705 895 716 892 726 884 732 845 729 823 735 813 731 794 737 786 733 778 739 762 736 748 726 735 737 699 729 669 741 656 734 636 736 625 731 617 737 599 737 586 728 563 739 488 736 465 743 457 738 417 739 407 733 398 740 357 744 334 740 324 746 310 741 265 746 256 741 241 749 213 744 202 750 194 744 186 749 173 743 165 746 153 738 138 749 122 746 101 754 92 748"/>
            </Shape>
	        <String CONTENT=" pour faire prématurément son service ; il avait été ajourné au " HPOS="90" VPOS="700" WIDTH="805" HEIGHT="54"></String>
          </TextLine>
        
        
	      <TextLine ID="eSc_line_96357" BASELINE="94 778 942 760" HPOS="94" VPOS="744" WIDTH="848" HEIGHT="53">
            <Shape>
              <Polygon POINTS="94 778 99 761 135 759 152 767 167 758 193 767 209 754 218 760 226 755 236 759 263 754 270 759 285 757 295 761 304 754 328 759 348 750 371 758 392 756 399 761 420 752 464 757 481 750 505 757 522 755 531 748 555 755 587 748 594 753 624 750 643 754 655 745 664 751 671 745 689 749 696 746 712 752 724 745 756 752 770 751 780 744 797 752 812 753 821 747 841 749 852 757 869 744 880 750 908 744 916 749 928 748 942 760 938 773 892 772 878 780 851 770 825 780 805 775 787 779 775 775 767 780 736 772 712 782 702 777 674 780 659 774 649 782 629 783 618 777 594 783 586 779 548 783 523 779 506 784 498 781 491 786 479 780 466 786 455 781 449 784 415 779 383 787 362 784 355 789 339 783 322 788 272 784 233 787 222 792 196 783 168 797 153 787 136 794 120 787 112 793 96 790"/>
            </Shape>
	        <String CONTENT="mois de Juillet dernier est vraisemblablement jusqu’après la guerre. " HPOS="94" VPOS="744" WIDTH="848" HEIGHT="53"></String>
          </TextLine>
        
        
	      <TextLine ID="eSc_line_96358" BASELINE="98 818 921 801" HPOS="98" VPOS="782" WIDTH="823" HEIGHT="58">
            <Shape>
              <Polygon POINTS="98 818 100 795 128 811 154 797 180 810 188 804 209 804 214 800 231 808 239 802 260 803 275 797 291 799 306 807 325 799 337 801 346 793 363 800 379 794 391 799 404 793 423 806 437 796 531 797 555 788 567 796 585 791 604 797 612 792 622 795 654 791 674 799 687 789 695 794 714 794 726 788 740 793 759 793 765 789 775 796 791 788 798 793 824 787 829 790 838 785 847 792 858 786 876 793 891 782 912 795 917 791 921 801 918 818 901 823 874 815 831 815 823 820 801 818 791 812 779 821 746 816 714 824 706 818 674 815 662 824 637 816 625 826 604 820 518 823 508 827 473 822 459 829 449 823 433 825 422 817 412 824 390 824 382 830 354 825 324 831 309 823 300 828 268 831 263 827 249 831 236 826 220 833 214 829 194 840 183 835 169 838 158 830 150 833 135 829 128 834 116 832 106 836 101 833"/>
            </Shape>
	        <String CONTENT="Il n’a pas voulu accepter cet ajournement, il voulait, disait-il, " HPOS="98" VPOS="782" WIDTH="823" HEIGHT="58"></String>
          </TextLine>
        
        
	      <TextLine ID="eSc_line_96359" BASELINE="94 863 919 844" HPOS="94" VPOS="827" WIDTH="825" HEIGHT="51">
            <Shape>
              <Polygon POINTS="94 863 96 849 106 843 122 850 146 844 169 855 186 842 191 846 213 845 220 850 231 842 267 845 280 841 308 849 317 842 336 845 356 841 374 848 387 840 394 844 428 843 440 837 451 842 459 836 472 842 497 838 519 843 535 838 558 842 568 836 589 839 597 833 606 838 622 832 639 838 655 830 678 840 690 833 714 841 725 833 741 836 758 832 777 839 787 831 806 836 814 833 827 840 842 829 849 833 872 833 885 827 910 844 919 844 903 861 893 857 879 864 860 858 837 862 827 856 819 860 809 858 801 864 777 854 766 861 733 859 728 863 714 854 698 862 670 859 654 864 622 862 595 867 572 861 545 868 526 859 511 867 469 869 453 863 424 876 398 873 378 878 371 874 317 877 303 870 282 872 277 868 258 874 249 869 226 869 221 874 189 870 182 873 168 864 137 876 97 872"/>
            </Shape>
	        <String CONTENT="faire son devoir pour deux ! Avec une volonté de tous les jours, " HPOS="94" VPOS="827" WIDTH="825" HEIGHT="51"></String>
          </TextLine>
        
        
	      <TextLine ID="eSc_line_96361" BASELINE="97 946 895 928" HPOS="97" VPOS="911" WIDTH="798" HEIGHT="56">
            <Shape>
              <Polygon POINTS="97 946 101 934 115 929 128 937 145 930 161 934 173 931 180 936 191 926 198 931 228 932 241 922 253 930 277 929 282 925 310 930 337 924 343 929 365 924 383 928 405 921 418 925 426 919 454 918 461 923 477 919 487 925 503 924 516 929 542 919 561 925 582 925 591 920 602 926 629 917 635 921 651 916 670 921 690 917 715 919 723 913 730 918 754 918 772 924 789 916 797 920 806 915 811 919 829 919 874 911 895 928 892 937 883 942 862 946 855 941 842 946 822 938 790 946 771 932 754 946 729 942 702 950 658 943 652 948 634 944 610 948 604 943 576 952 553 947 540 954 521 950 501 955 488 948 476 955 456 949 446 957 439 952 403 952 359 955 353 960 344 955 319 954 311 961 296 950 285 959 269 955 259 962 241 955 233 961 204 959 197 964 181 965 172 958 162 962 152 957 140 967 117 958 106 962 100 957"/>
            </Shape>
	        <String CONTENT="et des muscles ! Finalement il a réussi à s’engager ; le voici " HPOS="97" VPOS="911" WIDTH="798" HEIGHT="56"></String>
          </TextLine>
        
        
	      <TextLine ID="eSc_line_96360" BASELINE="98 906 923 886" HPOS="98" VPOS="870" WIDTH="825" HEIGHT="53">
            <Shape>
              <Polygon POINTS="98 906 102 888 116 887 127 894 138 889 169 887 182 895 197 885 211 883 226 888 242 882 262 891 277 882 289 888 300 888 309 882 314 886 332 882 347 892 360 884 387 884 397 889 418 886 435 875 463 890 475 880 492 882 500 888 510 881 520 883 526 879 540 887 554 877 564 881 595 881 637 874 644 879 667 881 686 875 707 879 714 874 735 878 757 878 763 874 777 878 790 871 797 876 806 874 817 882 830 873 838 876 846 870 856 876 903 870 919 872 923 886 921 900 911 898 902 905 886 898 866 905 855 899 848 904 841 899 830 904 813 896 804 903 790 902 779 910 754 903 739 908 724 898 715 905 700 902 674 908 662 901 635 903 626 911 611 905 604 909 584 905 511 908 506 913 495 908 460 905 436 912 419 910 412 915 394 908 365 916 347 906 334 917 305 911 290 918 279 912 263 911 241 919 222 912 200 923 181 911 171 919 159 915 152 919 132 915 101 918"/>
            </Shape>
	        <String CONTENT="il n’a cessé depuis six mois de se août fortifier pour gagner du poids " HPOS="98" VPOS="870" WIDTH="825" HEIGHT="53"></String>
          </TextLine>
        
        
	      <TextLine ID="eSc_line_96362" BASELINE="98 992 906 970" HPOS="98" VPOS="954" WIDTH="808" HEIGHT="54">
            <Shape>
              <Polygon POINTS="98 992 100 974 148 973 153 977 160 972 177 976 185 972 191 976 199 970 204 974 214 972 225 979 246 967 258 966 268 971 288 971 295 966 303 972 320 971 337 966 365 972 377 965 400 973 407 968 418 970 430 965 469 969 482 962 500 971 511 965 520 967 535 958 557 967 570 967 577 961 591 971 616 958 632 966 648 956 666 964 675 958 683 961 691 954 699 954 712 963 743 956 752 962 767 957 779 962 816 957 828 966 839 957 867 960 894 956 902 958 906 970 883 992 872 984 864 987 854 982 845 988 833 980 818 987 764 985 751 990 734 984 725 986 713 979 694 988 664 983 640 994 627 989 605 989 589 995 579 990 574 994 555 991 540 994 534 1000 505 987 483 998 472 993 411 995 401 988 391 997 364 998 356 994 336 1001 313 997 287 999 278 1005 261 998 208 1005 180 999 168 1008 140 1003 114 1002 108 1007 101 1004"/>
            </Shape>
	        <String CONTENT="canonnier conducteur de seconde classe au 31 ème régiment d’ar-" HPOS="98" VPOS="954" WIDTH="808" HEIGHT="54"></String>
          </TextLine>
        
        
	      <TextLine ID="eSc_line_96363" BASELINE="100 1033 928 1010" HPOS="100" VPOS="995" WIDTH="828" HEIGHT="56">
            <Shape>
              <Polygon POINTS="100 1033 105 1016 114 1018 137 1011 155 1019 176 1013 191 1017 197 1014 206 1021 224 1013 244 1017 255 1010 262 1014 281 1011 292 1015 306 1010 317 1017 331 1011 379 1013 411 1007 432 1016 456 1004 464 1007 476 1001 495 1011 515 1011 533 1003 548 1009 578 1010 602 1000 610 1005 627 1002 639 1006 659 1004 668 998 686 1007 700 1001 728 999 749 1006 765 1000 790 1007 798 1001 812 998 820 1002 833 995 865 1005 888 997 912 1002 920 998 928 1010 917 1021 904 1022 895 1029 868 1020 846 1034 835 1028 817 1034 812 1030 799 1033 789 1026 762 1029 749 1024 737 1029 720 1024 691 1034 682 1030 675 1035 651 1028 622 1035 607 1029 586 1037 578 1031 571 1036 532 1032 503 1038 438 1034 420 1042 397 1035 382 1040 357 1036 322 1039 313 1045 305 1041 272 1041 263 1048 253 1041 227 1051 218 1045 207 1051 196 1043 170 1051 159 1043 140 1051 102 1047"/>
            </Shape>
	        <String CONTENT="tillerie au Mans, heureux, fier, bien portant, avec le plein con-" HPOS="100" VPOS="995" WIDTH="828" HEIGHT="56"></String>
          </TextLine>
        
        
	      <TextLine ID="eSc_line_96364" BASELINE="100 1077 928 1053" HPOS="100" VPOS="1035" WIDTH="828" HEIGHT="60">
            <Shape>
              <Polygon POINTS="100 1077 102 1063 107 1059 117 1062 135 1055 143 1060 176 1057 187 1061 203 1055 219 1061 236 1054 254 1058 262 1055 268 1059 286 1056 298 1063 327 1049 337 1055 352 1054 365 1062 387 1050 399 1058 410 1050 427 1051 437 1057 452 1050 459 1053 478 1047 507 1057 518 1049 571 1050 590 1043 601 1047 611 1041 622 1047 629 1042 637 1047 651 1042 658 1046 673 1039 683 1046 709 1041 718 1047 731 1040 752 1049 791 1040 818 1050 828 1041 863 1045 882 1035 893 1035 919 1044 928 1053 890 1076 875 1068 862 1066 849 1071 818 1064 800 1071 790 1068 776 1076 766 1069 751 1073 726 1069 714 1062 703 1070 680 1074 661 1070 641 1071 635 1076 625 1072 614 1079 579 1068 553 1079 534 1075 509 1080 445 1076 434 1085 425 1082 418 1086 400 1075 394 1079 346 1078 321 1086 315 1082 306 1089 284 1081 270 1092 259 1086 247 1091 235 1084 229 1089 201 1086 186 1095 172 1085 165 1090 155 1086 137 1088 129 1095 103 1088"/>
            </Shape>
	        <String CONTENT="sentement de sa mère et le mien, sans contredire en rien son édu-" HPOS="100" VPOS="1035" WIDTH="828" HEIGHT="60"></String>
          </TextLine>
        
        
	      <TextLine ID="eSc_line_96365" BASELINE="102 1121 934 1099" HPOS="102" VPOS="1081" WIDTH="832" HEIGHT="55">
            <Shape>
              <Polygon POINTS="102 1121 103 1104 120 1099 141 1105 176 1104 187 1110 206 1101 226 1108 234 1102 248 1101 267 1102 274 1107 291 1098 320 1102 339 1097 398 1099 405 1094 427 1099 453 1097 460 1092 474 1096 484 1089 495 1093 505 1088 514 1093 551 1097 576 1095 587 1087 603 1092 613 1087 623 1092 646 1088 656 1095 670 1085 680 1088 687 1083 706 1096 719 1086 759 1090 770 1097 788 1083 809 1091 816 1086 843 1090 854 1085 879 1088 888 1081 908 1086 920 1081 930 1086 934 1099 931 1112 926 1115 909 1111 895 1116 859 1113 839 1121 829 1114 823 1118 785 1114 777 1119 765 1111 745 1118 728 1118 703 1110 689 1118 646 1116 632 1124 619 1120 610 1127 580 1115 562 1122 519 1121 511 1127 483 1120 473 1128 459 1121 448 1127 434 1123 408 1129 386 1124 379 1128 373 1124 351 1124 343 1129 308 1126 276 1134 256 1128 240 1132 227 1125 213 1135 201 1129 185 1133 178 1129 165 1136 149 1136 141 1131 105 1133"/>
            </Shape>
	        <String CONTENT="cation et ses sentiments pacifiques. Voyez ces deux photographies " HPOS="102" VPOS="1081" WIDTH="832" HEIGHT="55"></String>
          </TextLine>
        
        
	      <TextLine ID="eSc_line_96366" BASELINE="102 1162 922 1141" HPOS="102" VPOS="1120" WIDTH="820" HEIGHT="57">
            <Shape>
              <Polygon POINTS="102 1162 104 1149 110 1144 135 1153 149 1142 168 1149 178 1144 196 1153 210 1142 219 1145 234 1141 248 1146 265 1141 278 1150 298 1138 322 1144 334 1140 353 1143 374 1137 385 1137 393 1143 426 1138 441 1142 460 1131 492 1144 507 1135 514 1139 545 1135 553 1140 579 1128 593 1134 618 1129 633 1138 648 1127 666 1137 688 1126 704 1131 740 1128 747 1133 754 1129 785 1133 804 1126 820 1136 863 1124 880 1130 895 1120 922 1141 919 1156 911 1160 900 1152 867 1158 859 1154 845 1159 831 1150 819 1159 806 1155 797 1159 773 1156 766 1161 745 1161 738 1156 722 1156 693 1159 687 1165 670 1154 647 1160 636 1155 625 1161 618 1158 596 1165 586 1159 570 1166 549 1162 541 1166 534 1161 528 1165 500 1163 493 1158 484 1165 447 1163 429 1170 412 1163 403 1170 382 1168 373 1176 355 1163 324 1173 314 1168 291 1177 271 1168 248 1174 227 1168 210 1173 201 1167 191 1175 158 1172 151 1176 134 1167 123 1174 104 1174"/>
            </Shape>
	        <String CONTENT="de lui, l’une ou prise il y a 10 ans, quant il de symbolisait, enfant, " HPOS="102" VPOS="1120" WIDTH="820" HEIGHT="57"></String>
          </TextLine>
        
        
	      <TextLine ID="eSc_line_96367" BASELINE="100 1208 894 1181" HPOS="100" VPOS="1164" WIDTH="794" HEIGHT="66">
            <Shape>
              <Polygon POINTS="100 1208 101 1182 126 1181 140 1173 166 1189 180 1190 193 1190 203 1182 214 1188 238 1182 249 1188 278 1186 294 1190 306 1181 329 1191 348 1181 358 1185 374 1177 397 1191 417 1176 423 1179 431 1175 444 1180 452 1177 508 1181 556 1177 565 1172 574 1178 632 1172 645 1180 657 1172 666 1176 675 1170 700 1172 706 1168 721 1173 731 1166 774 1175 796 1164 820 1178 839 1164 851 1171 868 1170 874 1164 894 1181 892 1192 884 1198 867 1193 849 1200 832 1192 799 1204 787 1198 774 1204 762 1198 750 1201 737 1212 709 1207 682 1196 657 1213 632 1202 621 1205 605 1200 595 1208 571 1201 556 1209 540 1204 523 1211 507 1201 485 1217 459 1207 445 1211 429 1203 417 1211 410 1207 394 1221 373 1210 342 1215 327 1211 314 1219 286 1209 267 1221 255 1213 229 1219 217 1229 204 1220 170 1214 135 1230 103 1227"/>
            </Shape>
	        <String CONTENT="nos espérances de paix, l’autre maintenant en artilleur ! Quel " HPOS="100" VPOS="1164" WIDTH="794" HEIGHT="66"></String>
          </TextLine>
        </TextBlock>
        
      </PrintSpace>
    </Page>
  </Layout>
</alto>
