960 1280
452 26 89 41 - 13 -

89 81 788 50 avons au Mans des usines qui fabriquent des automobiles et, en

91 126 822 47 même temps, des obus ; - il y a partout des meuniers, des fournis-

92 170 759 44 seurs de bois de lits, de sacs, de couvertures, de véhicules

93 213 798 41 militaires, etc… etc… ; à La Flèche un tanneur paie chaque jour

93 252 818 44 plusieurs centaines d’ouvriers et d’ouvrières ; - les professeurs,

97 295 769 43 régulièrement payés comme tous les fonctionnaires, ont repris

100 335 822 47 leur cours dans les lycées et, par conséquent, gagnent leur vie ; -

100 376 611 48 ils prennent leurs vacances, avec leurs familles.

264 418 642 42 Là encore je saisis la preuve de l’incroyable pros-

102 460 793 45 périté qui règne en France après deux années de guerre. Partout

100 505 803 40 la vie a repris son cours. Je ne parle pas de Paris et des toi-

103 585 769 42 et donnant même des pièces nouvelles, très gaies…. Je fais

104 541 806 47 lettes et des théâtres ouverts tous les soirs et pleins de monde ;

102 625 781 47 la part des étrangers qui viennent encore sur nos boulevards et

102 669 771 43 des provinciaux et des officiers de passage. On vient à Paris

102 711 786 42 pour acheter et ce n’est pas à Paris qu’on va regarder à la dé-

104 792 795 45 du temps de paix, mais les magasins de luxe, les fleuristes, les

109 753 781 41 pense : nous sommes bien loin, c’est entendu, des extravagances

105 872 782 45 més. Ainsi, les usines d’automobiles s’étant mises à faire des

109 835 780 41 couturiers, les tapissiers, sont pourtant loin d’être tous fer-

106 915 780 41 obus, on ne devrait plus trouver d’autos à vendre, sinon à prix

106 996 767 46 moyen d’en acheter ou d’en importer, et des autos de très grand

108 954 785 45 d’or : quantité de gens, à ma connaissance, trouvent pourtant le

109 1075 746 46 des boulevards qui fournit les équipements militaires en même

112 1033 791 45 luxe ! Je suis entré, ces jours derniers, dans un magasin anglais
