1920 2560
850 86 182 54 - 4 -

477 243 1351 65 I°.-	Que va devenir le trésor d'art que représentait

277 327 1551 66 le sol français ? Je ne parle pas de ce qui a été détruit, des

265 411 1453 68 cathédrales, des églises, des palais, des hôtels de Ville,

277 577 1542 56 revivre le passé et n'existent plus. Je parle seulement de ce

280 497 1429 58 des maisons particulières, autant de joyaux qui faisaient

280 655 1381 59 que la France de l'arrière avait eu la chance de sauver.

268 818 1429 58 sité, bazarder et emporter, je ne sais où, tout ce qu'ils

283 735 1423 59 Nous allons voir, nous voyons déjà les marchands de curio-

277 903 1485 52 peuvent profiter de la guerre pour nous acheter. Les objets

277 979 1474 57 les plus précieux ont perdu pour nous de leur valeur person-

274 1141 1462 57 de les perdre qu'on n'a plus le droit de compter qu'on peut

289 1059 1402 58 nelle. On les vend soit parce que nous avons été si près

280 1295 1459 60 qu'on se détache plus aisément de ce qui faisait auparavant

286 1222 1444 52 les garder ; soit parce qu'on a besoin d'argent ; soit parce

289 1378 1417 55 le charme de la vie. Chacun est tenté de vendre ses vieux

289 1460 1491 53 meubles, ses tableaux de famille, ses reliques ; on n'imagine

292 1617 1470 57 même avant la guerre, on les voyait dans nos campagnes visi-

298 1536 1363 58 pas jusqu'où pénètrent les marchands de curiosité. Déjà

283 1778 1432 53 ou d'un tapissier de la ville. Je connaissais dans un des

289 1695 1485 58 ter jusqu'aux moindres fermes, sur la désignation d'un voisin

283 1931 1462 59 perdue, jadis abbaye ou gentilhommière, où se trouvait, dans

289 1855 1456 56 cantons de la Sarthe, (canton de Beaumont), une petite ferme

280 2081 1450 64 Moyen Age. Cette cheminée était un symbole de la vie inté-

286 2008 1405 61 la cuisine, une cheminée gothique monumentale de la fin du

277 2163 1488 57 rieure de cette époque, toute en finesse, en grâce, en esprit

292 2241 1327 63 et en audace. Elle ornait de ses nervures adorablement
