1920 2560
832 109 191 59 - 2 -

289 262 1506 69 le retour des Alsaciens-Lorrains, sur le passage des étrangers,

289 348 1470 68 pour essayer de compenser les vides effrayants qu'elle trouve

286 436 254 54 en elle ?

638 505 1077 63 La vérité sur la réparation des destructions

289 586 1441 63 irréparables que nous avons subies ? Mystification, en ad-

283 664 978 61 mettant même que les Boches paient tout.

632 742 1172 64 La vérité sur les désordres de la santé physique

292 813 1402 72 et morale du pays ; après quatre ans 1/2 de cette guerre ?

292 904 206 57 Passons.

644 979 1059 53 La vérité sur la diminution voulue de notre

292 1057 1402 58 natalité déjà trop faible, et sur le danger pour la France

292 1137 1396 58 d'être submergée par la pullulation de ses voisins, depuis

292 1217 1387 59 l'Italie jusqu'à la Belgique et l'Angleterre, sans parler

286 1369 1476 66 hier, d'après les statistiques officielles, a diminué de près

289 1295 1369 57 du reste. Le chiffre de notre natalité, je vous l'ai dit

292 1451 659 60 de moitié depuis la guerre.

644 1526 1041 60 La vérité sur le danger, pour la France, de

295 1604 1417 58 vivre à la remorque, où à la discrétion de ses Alliés moins

307 1682 1402 56 éprouvés, donc maîtres du marché mondial économique, à com-

295 1761 1435 59 mencer par le nôtre ? La vérité sur la€s€ difficulté de vendre

295 1840 1435 56 nos produits grevés de charges infinies, en concurrence avec

304 1916 1101 59 ceux des autres pays relativement privilé€giés€ ?

644 1987 1151 66 La vérité sur la difficulté XXXXXXXXX dorénavant

1306 1951 292 55 d'instruire

298 2071 1441 60 ce qui restera de notre jeunesse, tout en lui faisant préma-

295 2143 1324 73 turément gagner sa vie, - c'est-à-dire en la privant de
