1920 2560
25 153 282 115 SÉNAT

945 117 416 100 LETTRE N° 475.

1322 326 344 113 Janvier 1919.

738 473 676 115 LE PRÉSIDENT ROOSEVELT .

1019 680 406 100 Mon cher Butler,

665 902 1144 100 Au nom d'un grand nombre de nos amis Français,

302 983 1353 102 et au nom de toute ma famille, j'avais adressé à Madame

307 1070 1519 94 Roosevelt un cablogramme de profonde et douloureuse sympathie

313 1154 1461 96 dans son nouveau deuil. J'avais vu plusieurs fois son jeune

302 1235 1466 96 fils, Quentin, en France, au camp américain d'Isscudun et à

307 1312 1450 100 Châteauroux où mon fils se trouvait lui aussi, aviateur, et

296 1397 1393 96 c'est, pour une part, en pensant à lui que je ne cessais

302 1478 1541 96 de donner à ses camarades le conseil d'être prudents pour être

320 1559 1408 96 effectivement audacieux. Leur témérité m'inquiétait.

294 1638 1536 102 Beaucoup d'entre eux sont tombés victimes de leur inexpérience,

322 1715 1433 102 dès leur premier combat avec un ennemi qui les guettait, les

309 1794 1389 98 attirait et les surprenait sous le nombre ou dans quelque

307 1873 1495 104 piège. Je ne cessais de leur dire, malheureusement trop sou-

320 1954 1440 106 vent en vain : "Apprenez à vous faire tuer". Je me rappelle

309 2030 1455 107 l'enfance de ces jeunes fils du Président Roosevelt, si unis,

313 2105 1425 107 si gais, autour de leur tendre mère, à la Maison Blanche, et

320 2180 1341 113 déjà aventureux, se lançant tête baissée dans les rues de

29 2353 1114 102 à Monsieur le Président Nicholas Murray BUTLER.
