1920 2560
803 123 153 57 - 2 -

321 213 1438 119 révolutions. Vous lirez avec quelque intérêt, – si vous avez le

324 297 1384 105 temps de lire ???... – le livre ci-joint, que l’ancien abbé

320 378 1434 112 LOISY vient d’écrire sous ce titre : " LA RELIGION ", ( I vol.

321 460 1378 99 in-18. Paris, Emile NOURRY). Je vous l’envoie, - bien qu’il

316 539 1457 107 soit verbeux et lâche, - parce qu’il est un signe : à mesure que

311 611 1404 111 baisse partout l’autorité gouvernementale, s’affirme, plus ou

311 696 1430 101 moins confusément, celle de la conscience humaine, révoltée par

311 773 1441 99 cette horrible et stupide guerre. L’éducation de la conscience

314 849 1391 96 humaine, voilà, plus que jamais, notre rôle : il faut de plus

307 930 1433 98 en plus parler au peuple, non pour le séduire, mais pour l’ins-

305 1003 1432 98 truire ; il faut lui tenir un langage ferme, précis, désintéres-

305 1078 1400 96 sé, avant tout, sans arrière-pensée personnelle. Là est le de-

295 1158 1368 95 voir de ceux qui, après nous, auront compris trop tard notre

298 1230 1395 98 effort de conciliation entre les p££ays££, et qui auront à rache-

301 1310 1410 99 ter, par une longue suite d’actes de contrition, le temps per-

292 1462 1388 102 lequel l’humanité a trop souffert pour pouvoir, désormais, se

295 1387 1443 99 du et le sang innocent versé à flots. Là est le devoir vrai, sur

295 1539 1407 96 tromper. Ce devoir est un besoin de la conscience ; il apparaît

291 1613 1398 99 tous les jours plus clair. L’empereur d’Allemagne se charge de

289 1684 1377 95 le démontrer par son agitation désespérée : il proclame ainsi

283 1762 1416 93 sa lamentable faiblesse, celle de MACBETH voulant le bien, fai-

279 1911 1436 92 moins, n’ajoutait pas le blasphème et l’hypocrisie à ses crimes.

282 1838 1417 91 sant le mal ; mais il est bien inférieur à MACBETH : MACBETH, au

282 1984 1321 91 L’Empereur d’Allemagne, et lui, voulant la paix, comme MACBETH

281 2128 1390 86 l’exemple, à la fois, de la trahison de ses serments et du plus

284 2055 1352 88 s’est laissé pousser, lui aussi, à verser le sang ; il a donné

275 2202 1373 89 monstrueux sacrifice de l’Humanité ; mais il ne se contente pas
