1920 2560
186 263 282 103 SÉNAT

812 271 339 90 LETTRE N° 312.

1198 406 459 109 Paris, 28 Août 1917.

659 623 954 141 Les DEUX RELIGIONS. - Le DIEU ALLEMAND et

988 754 262 63 l'HUMANITÉ.

755 999 375 101 Mon cher Butler,

292 1243 1382 164 sentiment religieux parmi les hommes ; le sentiment religieux,

743 1205 945 121 La guerre aura, malgré tout, développé le

279 1396 1425 159 se que notre nous-même. Religion de Dieu, religion de l’Humani-

284 1314 1427 164 c’est-à-dire le besoin de croire au mieux et d’aimer autre cho-

266 1546 1400 156 nous aurons acheminés douloureusement à la religion de l’Huma-

282 1468 1379 161 té ? Peu importent les mots : les anciennes religions divines

250 1692 1390 161 religions antérieures, lesquels ont été elles-mêmes un pro-

262 1616 1395 164 nité. La religion chrétienne a été un immense progrès sur les

241 1840 1428 160 cléricale, anti-despotique mais non anti-religieuse, aura ajou-

250 1767 1430 161 grès sur le fétichisme. La Révolution Française, révolution anti-

225 1994 1441 154 Christianisme, la Déclaration des droits de l’Homme et, par con-

237 1916 1327 152 té, aux magnifiques commandements de bonté et de justice du

220 2142 1302 142 volution américaine, de la révolution russe, de toutes les

224 2064 1404 151 séquent, celle du Droit des peuples ; tel est le sens de la ré-

10 2266 834 107 Monsieur le Président N. Murray BUTLER.
